2514 4438
329 246 471 355 278
694 251 1159 338 Panum
1209 243 2005 318 conmanunms

410 372 636 444 Profecto
668 359 890 425 homines
910 407 926 434 ,
966 379 1033 424 ω·
1049 360 1133 438 spe
1166 353 1476 438 reliquorum
1508 357 1778 433 officiorum
1808 375 2016 417 tuorum
2089 374 2230 419 nam
2245 357 2359 415 Pu}

330 447 471 507 blius
499 442 925 519 Mimographus
958 438 1142 514 inquit
1161 477 1179 505 ,
1217 435 1630 512 bemficiffipldra
1660 435 1824 513 ncipit
1839 478 1857 504 ,
1895 436 1987 513 qu'i
2039 434 2109 492 cit
2140 434 2359 493 reddere.

413 521 595 582 Etiam
627 517 927 595 recentibus]
967 515 1125 572 etiam
1156 514 1217 571 in
1249 511 1510 570 omnibus
1540 512 1771 586 legitur:
1810 510 1903 569 sed
1919 510 2055 570 illud
2073 530 2142 573 <9¹
2160 554 2180 582 ‚
2198 508 2358 587 quod

332 601 411 660 est
440 599 498 657 in
531 595 791 656 membro
819 589 1193 669 praecedenti,
1237 589 1408 663 exigit
1440 588 1674 646 alterum
1706 604 1811 649 &r
1841 588 2001 665 quod
2017 590 2154 665 quia
2189 587 2354 645 unius

331 683 555 734 tantum
588 671 821 746 virgulae
850 664 1325 742 superadjetstione
1357 665 1561 723 mutari
1591 664 1651 722 in
1679 663 1837 720 etiam
1870 665 2060 739 potuit
2078 706 2097 735 ,
2113 662 2355 739 suspicor

327 752 524 828 potius
559 767 626 811 <5⁹
655 765 826 824 quam
856 747 1013 801 etiam
1046 738 1369 814 legendum.

413 825 704 884 necantibus
719 819 951 893 beneficiis
1020 827 1219 876 monet
1232 817 1498 876 hiclocus
1516 859 1535 886 ‚
1571 827 1637 889 ut
1653 814 2005 876 observemus
2020 848 2040 888 ‚·
2080 815 2240 876 aliud
2257 814 2367 876 effe

335 903 554 977 officium
571 942 588 968 ‚
626 896 774 957 aliud
804 895 923 952 bene
982 894 1129 952 ium:
1167 891 1388 964 officium
1424 894 1540 969 ejus
1574 892 1794 952 videtur
1824 935 1842 962 ,
1920 896 1979 951 ui
2012 902 2186 953 antea
2219 893 2356 953 obli·

377 993 495 1044 atus
511 1021 529 1049 ‚
568 971 874 1034 referendae
903 970 1096 1044 gratiae
1128 966 1307 1027 cauffa
1340 968 1548 1047 aliquid
1579 958 1724 1045 agit3
1747 969 1862 1025 bene
1898 969 2032 1026 cium
2066 972 2192 1028 e'us
2212 1013 2232 1039 ‚
2266 966 2358 1046 qui

333 997 746 1115 genefaciendo
775 1049 1010 1107 alterum
1040 1044 1138 1103 fibi
1165 1043 1432 1103 devincit.
1509 1045 1659 1103 Haec
1687 1043 1998 1104 differentia
2016 1047 2075 1104 vi
2116 1056 2250 1105 etur
2266 1046 2359 1103 ob-

338 1133 550 1191 servata
579 1130 638 1186 in
674 1144 761 1201 ep.
797 1142 847 1196 7.
878 1123 971 1181 lib.
1009 1140 1054 1180 1.
1086 1121 1220 1179 fam.
1261 1121 1429 1194 nostra
1457 1114 1666 1198 defensio
1698 1117 1754 1176 di
1783 1121 1965 1178 nitati!
1992 1137 2089 1179 tue.
2110 1166 2127 1193 ,
2159 1135 2360 1198 propter

340 1203 753 1282 magnitudinem
785 1197 998 1270 beneficii
1029 1198 1108 1254 tui
1125 1238 1143 1265 ‚
1167 1195 1383 1273 fortaffe
1406 1196 1651 1276 plerisque
1686 1216 1714 1252 o
1792 1198 1828 1253 ii
1857 1197 2101 1273 majorem
2134 1197 2362 1255 auclore*-

345 1298 509 1340 tatem
540 1280 720 1338 habere
753 1276 998 1332 videatur
1032 1314 1050 1341 ‚
1107 1292 1270 1350 quam
1302 1272 1577 1348 sententia.
1655 1271 1858 1331 Itidem
1894 1291 1980 1348 ep.
2016 1284 2109 1351 23.
2143 1274 2234 1332 lib.
2273 1286 2357 1333 10:

346 1368 480 1436 Opto
495 1400 511 1427 ,
550 1372 610 1414 ut
641 1354 769 1412 mihi
797 1351 941 1407 liceat
955 1349 1074 1425 jam
1096 1347 1326 1425 prasenti
1346 1350 1532 1425 pietate
1562 1368 1790 1406 meorum
1819 1348 2092 1422 officiorum
2112 1392 2132 1420 ,
2169 1365 2265 1407 tua
2280 1348 2360 1405 be-

347 1436 525 1508 neficia
561 1432 651 1490 tibi
670 1434 842 1504 facere
863 1424 1186 1502 jucundiora.
1264 1423 1337 1481 Et
1368 1424 1657 1500 separatim
1688 1424 1758 1484 de
1778 1435 2022 1502 utroque
2038 1468 2056 1496 ‚
2100 1443 2187 1513 ep.
2211 1425 2362 1501 5.lib.

345 1532 402 1587 5:
435 1531 516 1597 ego
535 1506 591 1585 si
618 1507 708 1564 abs
739 1521 788 1561 te
807 1502 1021 1578 summa
1053 1500 1211 1585 ⁰ffif³⁴
1241 1498 1541 1575 desiderem:
1583 1502 1644 1559 &
1679 1518 1730 1573 7.
1763 1499 1855 1559 lib.
1892 1505 1980 1578 13:
2016 1515 2244 1559 nomines
2274 1504 2358 1558 ho-

346 1586 626 1660 nesttffimos
640 1583 849 1658 summo
879 1577 1099 1649 beneficio
1130 1595 1187 1632 m
1207 1588 1507 1652 perpetuum
1540 1575 1631 1633 tibi
1664 1576 1764 1634 tuis
1799 1597 1858 1634 ue
1871 1575 2181 1637 devinxeris.
2256 1577 2359 1637 Ea·

329 1662 483 1743 dem
515 1661 685 1746 etiam
704 1653 1031 1742 ‘differentia
1061 1653 1219 1728 supra
1251 1654 1565 1726 agnoscitur
1581 1671 1600 1721 3
1641 1653 1736 1711 ubi
1798 1653 2166 1714 eamicorum
2182 1653 2359 1716 studiis

348 1749 382 1797 a
422 1755 513 1795 ere
548 1751 661 1794 mel
699 1746 759 1790 rt.

383 1752 760 1887 gAdstudiIum
780 1806 1108 1883 servandum
1124 1804 1518 1882 excitabuntur]
1554 1823 1674 1864 non
1692 1803 1876 1865 audeo
1894 1848 1912 1876 ‚
1951 1807 2116 1884 quod
2131 1807 2353 1884 quidam

350 1892 565 1950 faciunt
584 1933 601 1959 ,
639 1897 857 1945 temere·
873 1895 1166 1964 *receptam
1196 1881 1505 1941 lectionem
1522 1893 1754 1941 mutare.
1776 1879 2228 1959 servarestudium
2242 1903 2354 1943 non

349 1968 576 2026 videtur
604 1965 718 2023 hoc
750 1963 882 2020 loco
913 1959 1218 2036 improprie
1250 1958 1464 2017 dietum
1496 1981 1513 2027 3
1569 1959 1691 2017 imo
1734 1960 1981 2018 maxime
2012 1961 2313 2030 convenire
2343 1980 2356 2018 :

349 2045 486 2121 quia
520 2043 591 2101 de
622 2041 724 2099 illis
753 2037 1002 2114 loquitur
1021 2078 1039 2104 ‚
1079 2036 1180 2113 qui
1212 2046 1344 2094 ante
1376 2046 1695 2111 receperant
1717 2078 1734 2104 ,
1773 2036 1827 2094 se
1858 2036 1935 2094 illi
1968 2034 2077 2094 effe
2102 2038 2356 2096 fauturos.

351 2120 448 2177 Est
479 2120 644 2193 igitur
674 2129 965 2192 tamquam
985 2112 1200 2188 servare
1218 2111 1381 2183 fidem
1399 2154 1416 2180 ‚
1458 2113 1517 2169 &
1540 2111 1755 2188 servare
1773 2113 2093 2190 promiffum.
2173 2116 2355 2189 Quare

353 2196 545 2255 nescio
580 2236 597 2260 ‚
639 2208 736 2251 cur
768 2192 826 2248 in
859 2201 1114 2248 mentem
1146 2186 1313 2245 alicui
1343 2188 1534 2245 veniat
1566 2187 1748 2263 legere
1781 2189 2096 2246 navandum
2115 2189 2360 2263 studium.

431 2268 848 2346 Excitabuntur]
905 2276 968 2323 ut
999 2265 1141 2322 infra
1173 2281 1188 2319 ε
1244 2263 1314 2318 ad
1332 2263 1605 2339 summum
1629 2266 1867 2337 studium
1898 2264 2151 2324 benevolos
2174 2268 2363 2324 excita-

355 2362 488 2408 mus.

432 2434 508 2483 Et
539 2423 742 2483 omnino
775 2465 793 2491 ‚
829 2420 1072 2510 quoniam
1103 2438 1154 2476 eo
1180 2433 1350 2494 genere
1382 2415 1759 2496 amicitiarum]
1809 2411 1950 2478 nihil
1984 2433 2095 2479 non
2124 2435 2177 2477 ae
2215 2437 2357 2479 uum

355 2503 626 2581 praecipio
662 2542 678 2569 ,
733 2500 872 2558 nihil
920 2517 1037 2557 non
1084 2507 1247 2555 antea
1279 2494 1582 2568 provisum.
1614 2493 1892 2553 Acceffisti
1924 2495 1996 2554 ad
2024 2508 2189 2572 peten
2228 2508 2357 2565 um,

357 2581 533 2639 fretus
567 2576 884 2635 amicorum
914 2573 1099 2631 studiis
1132 2606 1150 2638 ‚
1192 2570 1389 2646 quibus
1421 2571 1479 2627 in
1504 2568 1723 2646 judicio
1754 2570 2006 2631 adfuisti:
2046 2584 2203 2632 utere
2235 2591 2359 2650 ergo

358 2670 561 2716 eorum
597 2664 801 2728 opera,
841 2664 1011 2725 quarn
1045 2647 1114 2706 ad
1143 2644 1257 2703 hoc
1286 2646 1566 2720 praecipue
1597 2654 1818 2722 tempus
1848 2646 2144 2710 reservasti,
2206 2662 2218 2693 J

437 2740 512 2789 Eo
535 2749 708 2806 genere
737 2724 1111 2801 amicitiarum]
1153 2720 1269 2778 fine
1303 2722 1618 2780 amicorum
1650 2741 1761 2798 ope
1779 2768 1796 2794 ,
1835 2742 2011 2783 nemo
2029 2727 2258 2786 auderet
2271 2736 2358 2802 pe.

357 2823 513 2869 tere:
553 2805 646 2862 sed
675 2804 886 2861 amicos
920 2817 1038 2858 non
1072 2814 1273 2857 omnes
1305 2796 1505 2856 eadem
1536 2798 1628 2856 via
1657 2798 1754 2857 fibi
1786 2802 2038 2876 pariunt:
2084 2800 2375 2861 Ciceronis'

357 2881 625 2945 amicitiae
656 2875 959 2936 cauffarum
993 2873 1404 2934 defenfionibus
1434 2885 1607 2950 partae
1639 2887 1826 2935 erant:
1865 2888 1997 2936 nam
2015 2877 2175 2955 supra
2192 2880 2357 2949 dixit,

359 2955 607 3042 quidquid
638 2975 686 3010 es
704 2996 721 3020 ‚
765 2973 830 3010 ex
858 2952 947 3008 hoc
977 2970 1041 3008 es.

436 3032 656 3092 Initiata
685 3030 779 3110 est]
821 3028 893 3086 fic
926 3027 985 3086 in
1015 3045 1134 3085 uno
1165 3026 1366 3104 scripto
1400 3048 1416 3087 ι
1454 3028 1514 3086 in
1546 3027 1762 3087 duobus
1794 3028 1871 3087 est
1903 3026 2157 3090 nunciata
2190 3076 2207 3103 ,
2249 3046 2361 3092 cor-

361 3122 539 3188 rupte.
579 3108 694 3167 Alii
726 3104 1094 3165 emendarunt
1126 3105 1351 3163 munita.
1388 3103 1625 3179 Propius
1654 3104 1723 3163 ad
1757 3105 2079 3180 scripturam·
2112 3122 2356 3168 veterem

361 3189 578 3252 accedit
605 3185 831 3242 initiata.
872 3180 1052 3257 Quod
1083 3181 1320 3239 verbum
1359 3222 1377 3249 ‚
1431 3180 1563 3239 licet
1594 3181 1791 3256 saepius
1823 3181 1895 3241 de
1927 3184 2085 3243 sacris
2117 3184 2358 3254 dicatur,

360 3266 498 3346 quid
530 3261 788 3339 prohibet
817 3272 1010 3318 tamen
1044 3256 1120 3315 adr
1144 3257 1380 3333 cujusvis
1411 3257 1491 3315 rei
1521 3258 1743 3317 initium
1790 3262 2100 3320 transferre.
2178 3263 2364 3320 Muro-

359 3358 449 3405 tus
481 3342 615 3413 legit
645 3337 864 3394 innixa:
908 3336 967 3392 &
999 3334 1123 3391 haec
1156 3330 1375 3392 fortaffe
1409 3350 1673 3408 germana
1707 3333 1782 3392 est
1798 3335 2015 3397 {effloz
2058 3337 2363 3398 nam&M.

361 3420 501 3481 Tul.
529 3418 622 3477 lib.
656 3414 717 3472 &
750 3431 836 3489 ep.
874 3430 925 3479 1,
956 3408 1026 3468 ad
1056 3410 1178 3469 Att.
1234 3418 1301 3466 In
1333 3428 1430 3488 quo
1463 3429 1563 3467 uno
1593 3409 1803 3468 ambitio
1837 3415 2006 3487 nostra
2034 3417 2259 3473 maxime
2287 3412 2370 3488 ηιξ

364 3515 530 3558 mur„
1347 3551 1353 3557 ι

441 3571 597 3649 de
626 3566 910 3643 cauffizrum
943 3562 1324 3641 defensionibus]
1363 3562 1560 3639 Philip.
1594 3579 1646 3635 7.
1699 3572 1864 3623 Omne
1899 3608 1916 3634 ‚
1956 3570 2258 3627 curriculum
2287 3568 2367 3625 in.

363 3651 559 3724 dustria
590 3665 702 3703 mea
734 3645 789 3698 in
806 3645 924 3713 foro
942 3682 959 3708 ‚
997 3639 1053 3695 in
1069 3641 1350 3698 amicerum
1357 3640 1588 3716 periculis
1594 3641 1945 3717 propulsandis
1959 3645 2271 3707 elaboratum
2285 3646 2361 3719 est.

366 3728 501 3782 Hinc
533 3723 736 3778 honores
766 3714 1080 3793 amplissimos
1100 3758 1130 3801 ι,
1167 3717 1287 3772 hinc
1318 3716 1578 3781 medioeres
1607 3729 1710 3794 opes
1736 3759 1758 3791 ,
1794 3719 1916 3780 hinc
1943 3722 2249 3799 dignitatem
2276 3766 2293 3793 ,
2318 3718 2366 3798 [δ’

368 3819 529 3878 quam
559 3797 801 3859 habemus
816 3835 835 3866 ,
872 3792 1109 3870 consecuti
1128 3789 1337 3872 sumus.
1454 3797 1476 3803 ”“
1510 3796 1529 3801 ’
2008 3842 2013 3849 ,
2360 3792 2363 3795 ’

2270 3945 2325 3955 μ
2338 3943 2341 3945 .
