2514 4438
402 242 506 304 ns
549 215 897 318 Q Grc.
945 211 1901 317 nn.Pssrrw..Corts.utt
2063 224 2208 326 τες

184 339 468 410 utillud,
506 339 644 420 quod
673 355 724 397 te
748 358 832 396 oro
865 377 886 406 ,
920 335 1196 413 inprima
1222 344 1362 396 orat.
1390 335 1454 398 in
1485 337 1648 400 Catil.
1680 354 1806 399 certe
1832 340 1902 414 est
1934 380 1955 413 ,
1991 340 2129 421 quod
2158 359 2210 403 te
2281 355 2285 370 ·

154 441 158 445 ’
172 420 297 497 jam
325 416 529 479 dudum
561 416 752 478 hortor.

262 503 387 554 Non
415 493 565 553 modo
596 513 701 551 non
730 490 919 570 afflqui
949 533 968 560 ,
994 490 1089 567 sed
1120 510 1182 548 ne
1213 488 1443 567 incipere]
1485 487 1545 550 id
1576 491 1653 559 est
1684 533 1702 560 ‚
1743 500 1958 552 tentare
1992 512 2007 552 ε
2045 495 2207 574 quod

183 570 372 708 ξῖῥηιιε
429 571 523 629 est.
602 570 813 647 Incipere
857 579 1051 627 autem
1101 568 1326 645 proprie
1359 566 1596 627 dicimus
1625 587 1835 644 magna.
1886 568 2099 631 Donat.
2145 571 2206 648 in

252 658 428 706 erent.
1654 699 1657 704 ,

268 734 417 782 Nam
449 723 574 802 quid
602 721 808 800 incipiat
842 722 1139 800 Antonius]
1195 720 1436 781 excurrit
1483 720 1553 781 ad
1599 719 1950 796 probandum
1985 764 2003 793 ,
2047 723 2207 802 quod

184 800 515 877 proposuit,
553 800 766 878 facilius
802 797 910 857 effe
942 796 1210 857 Ciceroni
1229 840 1248 866 ,
1287 816 1456 876 quam
1478 798 1939 873 competitoribus
1958 801 2235 869 ,amicos-

185 874 505 953 adjungere.
581 877 657 935 Et
692 918 709 945 ,
770 892 903 934 cum
935 874 1004 933 de
1040 873 1255 933 duobus
1289 874 1640 952 proposuerit
1674 916 1691 946 ,
1730 872 1800 933 de
1834 893 1951 953 uno
1983 888 2205 948 tantum

184 953 386 1028 probat
402 977 420 1023 ;
460 961 558 1022 ut,
596 952 757 1031 quod
789 953 847 1011 in
878 951 1052 1010 altero
1085 950 1148 1009 fit
1180 951 1477 1027 probatum
1500 992 1517 1019 ,
1559 949 1768 1009 facilius
1796 949 1852 1011 in
1886 953 2062 1011 altero
2081 970 2202 1013 cre-

187 1027 363 1100 datur.
441 1030 593 1089 Nam
643 1029 686 1087 fi
728 1029 866 1108 nihil
911 1028 1120 1104 poterit
1149 1027 1241 1085 ille
1276 1029 1430 1104 cujus
1463 1027 1709 1087 amicitia
1741 1028 2156 1090 contemnenda
2180 1071 2203 1109 ,,

185 1103 369 1165 multo
402 1106 589 1165 minus
619 1105 710 1164 ille
729 1147 747 1174 ‚
787 1104 941 1182 cujus
978 1104 1149 1163 etiam
1180 1097 1462 1179 fugienda.

169 1227 176 1240 ,
259 1191 360 1239 Per
379 1182 437 1258 se
455 1182 555 1259 suo
572 1181 771 1241 nomine
786 1196 849 1260 ap
900 1181 1052 1260 liare]
1093 1181 1358 1239 amicitiae
1377 1180 1600 1248 initium
1620 1222 1638 1249 ,
1680 1197 1750 1238 co
1830 1183 1966 1254 itio;
2009 1182 2205 1259 cogni-

180 1256 354 1320 tionis
388 1258 641 1334 fignum‚
678 1277 787 1335 app
861 1258 977 1317 atio
1048 1256 1221 1334 roprii
1265 1257 1529 1315 nominis.
1606 1265 1705 1315 Per
1723 1197 1825 1333 ff
1811 1273 2000 1322 autem
2033 1261 2206 1328 dicit;

182 1335 320 1411 quia
350 1335 513 1397 multi
540 1336 601 1394 in
631 1334 880 1411 petendo
907 1345 1004 1393 ute
1042 1346 1204 1393 antur
1236 1333 1777 1404 nomenclatoribus:
1797 1336 1928 1396 licet
1942 1338 2031 1404 lex
2050 1332 2204 1416 effetq

187 1427 323 1488 quae
355 1410 675 1472 candidatos
709 1412 794 1470 uti
821 1409 1333 1471 nomenclatoribus
1368 1421 1582 1469 vetaret
1612 1431 1630 1477 ;
1672 1422 1733 1468 ut
1763 1410 1900 1471 dicit
1929 1412 2208 1474 Plutarch.

182 1486 247 1556 in
279 1488 500 1548 Catone
534 1489 790 1548 minore:
832 1506 1005 1565 quam
1024 1487 1170 1546 Cato
1184 1504 1326 1562 unus
1341 1486 1414 1545 ali
1455 1484 1644 1545 uando
1662 1485 1933 1559 servavit3
1972 1503 2032 1550 ut
2046 1490 2204 1551 idem

181 1562 402 1644 inquit:
443 1564 540 1628 sed
571 1583 692 1624 non
723 1562 832 1623 effe
868 1565 1083 1640 semper
1116 1563 1388 1624 servatam
1416 1505 1590 1622 docet
1621 1562 1743 1621 Cic.
1774 1564 1833 1624 in
1852 1577 1989 1626 orat.
2049 1585 2112 1625 ro
2132 1566 2209 1646 L.

183 1640 466 1700 Murena:
508 1641 698 1717 Qid?
738 1641 871 1721 quod
900 1638 1051 1698 habes
1083 1637 1546 1704 nomenclatorem?
1585 1639 1641 1696 in
1671 1659 1722 1696 eo
1754 1641 1961 1721 quidem
2013 1642 2127 1701 allis
2145 1661 2208 1700 ac

181 1716 371 1794 decipis.
413 1727 561 1776 Nam
579 1716 635 1795 fi
661 1717 860 1782 nomine
892 1716 1128 1795 appellari
1155 1717 1246 1774 abs
1279 1732 1329 1774 te
1358 1715 1491 1774 cives
1508 1730 1620 1773 tuos
1635 1715 1896 1792 honestam
1923 1721 1990 1793 est
2009 1763 2026 1789 ‚
2063 1732 2208 1796 turpe

181 1793 253 1866 est
272 1836 290 1863 ,
326 1815 401 1851 eos
427 1795 637 1853 notiores
665 1794 752 1872 effe
769 1794 924 1871 servo
959 1809 1049 1852 tuo
1067 1837 1084 1863 ,
1104 1814 1288 1927 ynam
1319 1792 1424 1850 tibi.
1461 1791 1554 1851 De
1587 1793 1700 1853 hoc
1731 1795 1986 1870 intelligit
2004 1797 2211 1856 Horat.

184 1887 276 1945 ep.
307 1870 362 1930 6:
394 1891 673 1949 mercemur
691 1870 911 1948 servum
929 1913 948 1940 ‚
986 1871 1078 1949 qui
1140 1871 1262 1946 ister
1290 1869 1518 1927 nomina.
1592 1867 1762 1929 Valet
1792 1881 1982 1931 autem
2011 1870 2081 1933 ad
2110 1870 2211 1936 be?

184 1947 575 2007 nevolentiam
610 1947 1017 2008 conciliandam
1038 1988 1055 2014 ,
1092 1946 1192 2005 suo
1223 1946 1461 2005 nomine
1492 1945 1641 2004 cives
1670 1964 1740 2023 ap
1781 1947 1973 2006 ellare:
2013 1950 2071 2009 in
2128 1964 2208 2006 uo

189 2023 624 2084 commendatur
654 2022 1099 2091 Themistocles,
1140 2022 1361 2099 Cyrm,
1399 2022 1504 2082 alii.
1542 2020 1695 2080 Vide
1785 2024 2024 2083 aLMax.
2066 2023 2090 2082 l
2131 2041 2209 2092 eo

184 2097 335 2166 infra
365 2099 434 2185 de
462 2101 718 2255 pqulari
749 2102 968 2166 ratione
998 2097 1167 2167 dicit;
1198 2099 1433 2176 primum
1451 2139 1469 2168 ,
1506 2098 1562 2155 id
1590 2098 1724 2177 quod
1734 2099 1874 2182 sads
1891 2141 1909 2170 ,
1947 2114 2011 2158 ut
2041 2099 2207 2159 bomi-

185 2193 274 2235 nes
305 2195 439 2235 norts
533 2199 551 2235 1
583 2197 640 2236 nt
681 2197 756 2235 ca.

263 2257 436 2328 §Luem
456 2177 739 2330 {Quiiosjt‘cim
770 2254 877 2335 rus]
919 2256 1164 2331 enallage
1191 2253 1461 2335 personae.
1495 2318 1499 2331 Δ
1541 2249 1691 2311 Cum
1726 2253 1797 2315 de
1827 2254 2088 2315 Antonio
2119 2254 2206 2314 lo-

229 2335 390 2464 udaian
407 2376 424 2402 ‚
464 2332 535 2467 Ed
566 2332 908 2393 Ciceronem
936 2331 1260 2392 sermonem
1277 2328 1711 2400 accommodat:
1749 2330 1911 2408 quod
1928 2332 2208 2406 eleganter

216 2425 246 2465 a
306 2425 404 2466 um
436 2426 469 2466 e
514 2452 528 2465 .
667 2452 670 2455 ,
2166 2440 2175 2451 κ

197 2476 202 2483 ’
269 2483 410 2540 Mihi
442 2483 646 2563 quidem
678 2482 837 2562 nihil]
872 2482 1135 2541 homines
1165 2481 1319 2540 enirn
1338 2521 1356 2553 ‚
1397 2497 1527 2539 cum
1561 2479 1726 2540 alicui
1760 2479 2095 2552 inserviunt,
2134 2500 2210 2544 ne

181 2577 423 2636 operam
459 2560 753 2621 videantur
786 2558 1018 2634 perdere
1051 2599 1069 2627 ‚
1107 2558 1162 2617 se
1198 2556 1459 2631 cognosci
1489 2556 1558 2614 ab
1589 2555 1653 2617 iis
1676 2558 1916 2633 ‚cupiunt
1948 2601 1967 2628 ,
2005 2552 2206 2636 quibus
2252 2582 2255 2585 ¹

180 2636 493 2696 inserviunt
509 2661 529 2706 ;
571 2637 731 2695 ficuti
763 2636 823 2693 &
854 2635 955 2713 qui
988 2632 1322 2693 ulciscuntur
1340 2675 1358 2703 ‚
1395 2632 1519 2691 sciri
1549 2636 1748 2695 volunt
1779 2635 1966 2706 abiis,
2004 2635 2204 2715 quibus

179 2713 500 2797 molestiam
534 2714 904 2773 exhibuerunt
921 2752 940 2781 ,
978 2711 1078 2788 qui
1108 2709 1226 2769 sint.
1267 2708 1429 2771 Arist.
1459 2707 1551 2767 lib.
1586 2725 1638 2770 2.
1673 2710 1840 2772 Rhet.

191 2788 199 2797 '
261 2791 392 2924 Ξῖἱ]
431 2789 670 2925 ῐξόειωᾶα
699 2788 934 2866 persona
961 2804 1067 2863 pro
1097 2786 1296 2846 tertia:
1337 2797 1400 2845 ut
1427 2785 1662 2847 Terent.
1692 2786 1844 2857 And.
1861 2787 1931 2847 sc.
1965 2807 2012 2850 1.
2053 2796 2205 2848 Nam

203 2888 229 2925 ὃ
356 2888 414 2925 m
525 2888 593 2924 ur
619 2887 682 2923 es.

169 2864 236 2946 s
262 2890 533 3005 Eximiam
566 2887 838 3022 q‘ffcandam,
904 2940 946 2999 fi
973 2942 1073 3018 qui
1100 2939 1259 3010 sunt,
1297 2938 1496 3017 quibus
1524 2939 1787 3001 homines
1819 2942 1990 3002 etiam
2022 2941 2206 3017 ignoti

181 3020 250 3081 &
279 3022 440 3080 nullis
471 3020 755 3080 beneficiis
783 3037 812 3077 a
861 3016 973 3077 effi
1001 3035 1235 3093 operam
1269 3027 1479 3076 navent
1497 3056 1515 3082 ‚
1552 3015 1858 3077 honoribus
1875 3036 2075 3079 eorum
2092 3018 2203 3087 stri-3

182 3095 357 3170 deant
376 3140 395 3166 ,
432 3097 475 3154 ii
502 3099 661 3167 sunt,
697 3097 758 3155 in
787 3095 987 3173 quibus
1014 3091 1579 3169 estfingularisaliqua
1594 3092 1866 3170 dignitas,
1907 3094 2056 3159 &de
2072 3095 2202 3172 qui-,

177 3172 288 3230 bus
316 3173 394 3231 est
425 3175 631 3234 eximia
663 3174 927 3251 quaedam
960 3171 1160 3246 opinio
1196 3190 1211 3228 z
1268 3182 1332 3227 ut
1364 3186 1497 3227 cum
1528 3168 1718 3245 Scipio
1751 3172 1812 3229 &
1845 3172 2071 3230 Marcus
2103 3170 2200 3229 ab·

180 3247 402 3317 sente5‚
439 3244 688 3310 consules
720 3249 889 3308 creati
918 3247 1076 3314 sunt;
1117 3259 1180 3304 ut
1211 3263 1345 3305 cum
1377 3244 1470 3304 alii
1504 3246 1675 3306 etiam
1694 3247 1875 3317 inviti.
1912 3246 2062 3306 Haec
2096 3248 2200 3333 igi-

181 3334 277 3398 tur
309 3343 443 3387 cum
468 3328 530 3387 in
560 3326 821 3386 Antonio
851 3342 972 3384 non
1004 3321 1140 3394 fint,
1180 3323 1242 3380 δε
1276 3339 1407 3385 cum
1438 3320 1528 3380 ine
1554 3323 1817 3384 homines
1843 3341 1965 3384 non
1994 3337 2143 3382 norit
2177 3363 2200 3393 ,

180 3403 257 3462 ad
289 3403 444 3461 suam
476 3404 783 3462 amicitiam
815 3401 1052 3460 invitare
1082 3397 1375 3458 nerninem
1406 3401 1630 3474 poterit.

267 3480 445 3537 Nullis
461 3477 868 3555 suffragantibus
895 3476 1117 3554 meritis]
1160 3476 1317 3552 cujus
1341 3474 1541 3534 merita
1557 3477 1705 3537 nulla
1732 3486 1959 3545 extent,
1995 3478 2199 3557 quibus

186 3556 418 3617 adduffl
448 3557 710 3616 homines
739 3556 818 3614 illi
845 3553 1226 3629 suffragentur.
1500 3616 1506 3619 ,

201 3638 206 3645 ’
260 3633 392 3708 Pag.
425 3651 548 3705 224
588 3642 830 3709 Namque
858 3646 923 3686 ut
952 3628 1101 3688 homo
1128 3629 1292 3703 inm]
1350 3644 1481 3689 cnm
1528 3630 1649 3689 talis
1695 3630 1863 3704 igitur
1906 3628 1971 3689 fit
2006 3632 2201 3691 Anto-

184 3711 312 3769 nius
341 3753 360 3780 ‚
397 3720 561 3785 turpe
592 3705 723 3767 effet
755 3750 774 3777 ‚
812 3719 870 3765 te
901 3707 971 3765 ab
1001 3724 1075 3765 eo
1111 3705 1263 3764 vinci
1294 3747 1315 3775 ‚
1352 3719 1520 3781 prout
1546 3706 1853 3782 gloriosum
1884 3707 1959 3766 est
1986 3707 2057 3767 ab
2087 3710 2201 3779 ini-v

183 3786 343 3865 inico
369 3786 649 3865 praestanti
675 3784 930 3869 superari.
1003 3783 1156 3872 ἣκει
1188 3780 1520 3867 conjunfflo
1561 3802 1785 3863 namque
1824 3801 1949 3847 non
1974 3783 2198 3847 videtur

2061 3878 2199 3923 con-
