2514 4438
253 238 357 343 '46
492 232 789 308 paim.
837 231 1219 303 Mai-rur.
1277 224 2070 311 communivimus*
2127 312 2148 333 .
2191 299 2214 307 „

332 350 646 428 Redemptor}
674 364 764 406 tuo
830 346 1120 422 Longiiio.
1673 410 1678 413 ,
1821 385 1828 390 -
2135 382 2136 389 κ
2259 366 2262 367 ’
2323 346 2355 367 *·

337 427 688 504 craffipaedez]
772 425 915 483 urio.
948 423 1132 499 nupfit
1147 420 1338 481 Tullia
1365 422 1538 481 tribus
1552 464 1571 491 ‚
1590 434 1782 484 contra
1810 423 2043 484 Pediani
2069 421 2340 484 mutar-‘-

258 507 465 583 chique
494 503 858 569 sententiam,
896 519 935 576 p
968 501 978 510 ‘
1044 517 1145 558 um
1181 499 1250 557 L.
1284 498 1589 574 Calpurnio
1621 500 1807 560 Pisoni
1821 499 2038 576 *Frugi'3
2076 499 2348 575 deinde·

260 583 435 642 Furio
460 576 762 654 Craffipedi
780 619 799 646 ,
983 595 1119 636 emo
1147 575 1206 634 P.
1239 575 1510 635 Cornelio
1537 576 1864 651 Dolabellae.
1893 577 2023 635 Piso
2048 576 2323 637 Cicero-

259 677 338 719 ne
371 657 535 735 periit
562 655 843 714 exsulante
876 674 890 711 :
933 653 1105 712 Craffi
1234 652 1446 712 Tuniae
1479 654 1752 713 nuncium
1781 653 2054 712 remiserit
2086 696 2105 723 ,
2145 672 2222 713 an
2269 673 2326 714 e

259 736 379 797 vita
408 730 700 793 excefferit
716 773 734 801 ,
748 731 1029 793 incertum
1061 734 1112 789 ei
1152 729 1480 789 :Dolabella
1507 729 1818 795 divortium
1837 729 1989 790 fecit.
2015 730 2145 790 haee
2162 773 2182 801 ,
2202 731 2332 807 ip-v

263 812 327 871 so
358 811 462 870 suis
495 812 554 871 in
580 809 728 868 libris
757 820 1012 866 narrante
1042 807 1322 865 Cicerone
1338 848 1359 875 ,
1397 806 1822 889 cognoscuntur.
1945 828 1948 831 ·
2311 826 2324 837 ·

342 886 587 964 Latinas]
627 884 669 944 fi
698 885 1018 943 Varronem
1051 884 1113 941 δε
1142 883 1504 944 Macrobium
1535 883 1831 963 sequamur
1865 927 1884 953 ‚
1938 883 2312 962 antiquitatis

266 975 575 1041 utrumque
605 960 991 1037 peritiffimum
1026 1001 1046 1028 ,
1086 976 1265 1019 conce
1301 961 1440 1019 tivae
1470 961 1628 1020 feriae
1661 972 1818 1020 erant
1847 962 2073 1020 Latinae
2108 1002 2127 1030 ,
2165 971 2326 1021 non*

265 1042 514 1107 stativae3
557 1037 1122 1115 concipiebanturque
1154 1036 1213 1095 in
1291 1037 1363 1095 'es
1394 1036 1488 1095 vel
1518 1050 1699 1097 certos
1724 1038 1820 1096 vel
1829 1039 2133 1101 incertos:
2171 1037 2312 1096 -Li-

270 1119 396 1175 vius
423 1129 615 1177 tamen
643 1114 860 1173 stativas
891 1112 1098 1171 indicat
1114 1111 1273 1170 fuiffe
1291 1156 1309 1181 ,
1348 1129 1480 1172 eum
1495 1114 1574 1172 ait
1591 1114 1734 1173 libro
1749 1131 1880 1174 xxv.
1917 1116 2132 1174 Romae
2149 1124 2318 1172 con-¹

268 1194 411 1252 sules
440 1204 820 1274 praetoregqne
852 1190 1024 1266 usque
1054 1199 1184 1249 ante
1225 1189 1379 1248 diem
1413 1208 1469 1247 v.
1501 1191 1623 1248 Kal.
1651 1191 1792 1250 Mai.
1833 1191 2058 1249 Latinae
2087 1201 2319 1249 tenue-·

270 1281 418 1328 runt.
446 1286 519 1327 eo
550 1266 642 1327 die
668 1277 987 1343 perpetrato
1014 1265 1168 1325 sacro
1205 1267 1267 1325 in
1298 1279 1497 1326 monte
1514 1310 1532 1336 ‚
1569 1267 1629 1326 in
1658 1267 1776 1326 suas
1805 1269 2038 1344 quisque
2054 1266 2304 1342 provin-

269 1346 386 1404 cias
414 1343 853 1422 proficiscuntur.
879 1361 998 1402 non
1031 1344 1186 1402 enim
1214 1342 1391 1403 fimile
1422 1344 1543 1402 veri
1573 1343 1652 1417 ‘est
1670 1387 1688 1414 ,
1728 1344 1978 1403 consules
1995 1386 2013 1413 ,
2054 1360 2190 1401 cum
2208 1343 2316 1401 vi-·

273 1420 398 1480 &or
427 1422 709 1481 Hannibal
739 1420 972 1479 vastaret
995 1420 1211 1480 Itaiiam
1232 1462 1250 1490 ,
1290 1420 1543 1479 consulto
1570 1422 1633 1479 in
1663 1438 1719 1493 v.
1752 1422 1858 1480 kal.
1880 1420 2021 1479 Mai.
2051 1420 2157 1497 qui
2173 1418 2301 1479 dies

272 1517 309 1556 a
336 1500 524 1575 primo
554 1498 695 1563 initi„
713 1514 806 1556 ma
962 1510 1057 1555 tus
1089 1497 1179 1556 die
1223 1498 1339 1556 hoc
1370 1497 1448 1556 est
1477 1498 1550 1557 ab
1576 1497 1754 1557 idibus
1781 1497 1976 1556 Martii
2011 1538 2029 1565 ,
2084 1504 2302 1555 xtrrr.

272 1575 497 1635 dierum
528 1575 705 1650 spatio
782 1575 792 1583 “
837 1585 895 1633 at
925 1617 957 1643 ,.
986 1574 1214 1632 Latinas
1248 1572 1501 1633 distuliffe
1531 1595 1549 1642 ;
1591 1588 1656 1632 ut
1699 1574 1801 1650 ipsi
1830 1573 1929 1632 fibi
1959 1573 2200 1652 diutinae
2234 1572 2302 1631 in

272 1653 411 1710 urbe
445 1651 744 1711 manfionis
770 1651 1146 1709 neceffitatem
1176 1651 1259 1709 im
1299 1662 1568 1710 onerent:
1607 1669 1740 1710 cum
1771 1652 1851 1709 ire
1883 1651 1942 1709 in
1970 1649 2310 1727 provincias

271 1745 462 1806 neque
490 1726 798 1787 consulibus
827 1745 1015 1806 neque
1042 1729 1272 1802 praetori
1309 1746 1372 1786 us
1401 1727 1622 1797 liceret,
1659 1727 1762 1787 nifi
1792 1728 2120 1786 Latinarum
2133 1725 2302 1784 sacro

315 1816 610 1882 erpetratO.
640 1815 738 1864 aut
764 1805 932 1880 igitur
961 1821 1051 1863 eas
1084 1822 1117 1863 e
1139 1804 1344 1864 stativis
1358 1805 1417 1863 in
1431 1803 1691 1864 ordinem
1708 1804 2305 1880 conceptivarum‘po-

271 1823 387 1942 gea
417 1882 661 1942 tranfiffe
694 1881 1037 1942 credendum
1066 1880 1141 1940 est
1172 1900 1190 1940 ε
1228 1895 1326 1939 aut
1354 1881 1626 1941 latentem
1657 1879 1895 1940 cauffam
1924 1882 2015 1942 alii
2043 1879 2303 1956 perscru—

274 1970 480 2045 tentpr.
506 1960 688 2036 placet
720 1960 874 2018 enim
906 1957 1188 2026 indicare,
1227 1959 1431 2035 inquo
1457 2000 1481 2029 A,
1523 1976 1654 2019 cum
1683 1957 1800 2034 ipse
1826 1958 1967 2017 mihi
1993 1975 2112 2016 non
2139 1956 2300 2014 satis-

270 2036 480 2095 faciam
496 2078 515 2105 ‚
555 2054 757 2095 eorum
790 2076 808 2103 ,
850 2037 948 2113 qui
980 2036 1153 2109 magis
1180 2035 1411 2109 ingenio
1440 2033 1804 2113 doetrinaque
1832 2033 2088 2111 praestant
2121 2073 2141 2101 ,
2180 2033 2310 2105 ela-5

274 2111 473 2171 horare
499 2114 663 2186 poffit
694 2112 968 2170 industria,
1521 2136 1526 2139 -
1757 2156 1764 2161 .
2297 2154 2308 2161 .

352 2187 600 2267 Religiofi]
639 2188 836 2265 quibus
864 2199 961 2247 aut
1029 2187 1255 2247 rivatim
1273 2230 1291 2259 ,
1309 2197 1407 2248 aut
1437 2189 1656 2264 publice
1672 2188 1981 2269 quidquam
1995 2186 2117 2250 fieri
2135 2229 2152 2257 ,
2169 2201 2298 2246 ma·

265 2265 409 2342 joris
438 2264 720 2324 momenti
748 2264 907 2343 quod
937 2283 971 2323 e
1015 2274 1106 2333 et,
1143 2267 1340 2340 religio
1371 2268 1609 2328 vetabat.
1891 2314 1898 2318 .

280 2345 291 2396 ζ
359 2343 690 2420 corfinum]
732 2360 805 2399 eo
837 2340 1104 2418 perdusta
1135 2359 1218 2400 res
1253 2353 1370 2401 erat
1386 2384 1403 2410 ,
1443 2344 1580 2403 nihil
1612 2355 1674 2402 ut
1682 2344 1805 2421 jam
1825 2340 1956 2402 effer
1974 2341 2254 2418 reliquum
2274 2382 2297 2410 ,

277 2416 385 2477 nisi
416 2430 477 2476 ut
509 2419 711 2477 mulier
736 2419 861 2477 viro
894 2407 1342 2494 'desponderetun
1373 2421 1533 2497 quod
1559 2421 1748 2497 postea
1777 2419 1988 2494 fae'tum
2022 2418 2098 2477 est
2127 2417 2297 2478 nonis

277 2495 420 2570 Apr.
450 2507 514 2553 ut
545 2514 617 2555 ex
646 2495 872 2572 epistola
889 2537 907 2564 ,
945 2512 1077 2573 quae
1090 2495 1338 2574 sequitur
1359 2501 1615 2572 proxima
1635 2540 1653 2566 ‚
1689 2496 2025 2571 intelligitur,

355 2574 570 2659 Latiar]
610 2571 877 2632 mendosa
906 2590 1058 2638 vox:
1096 2574 1160 2631 ⁷&
1189 2574 1249 2632 in
1281 2574 1492 2638 mendo
1526 2574 1877 2634 consentiunt
1908 2583 2124 2631 veteres
2147 2570 2299 2629 iibri.

279 2649 459 2710 multa
490 2651 666 2719 nnhi,
708 2650 779 2709 de
809 2648 1157 2709 correffione
1190 2653 1457 2727 cogitanti
1475 2695 1493 2722 ‚
1531 2652 1766 2712 veniunt
1801 2651 1860 2708 in
1876 2659 2128 2708 mentem
2149 2664 2298 2717 ‚nec

278 2736 473 2785 tamen
507 2727 815 2804 quidquam
834 2770 851 2794 ,
929 2725 1047 2784 uod
1078 2744 1419 2803 magnopere
1451 2728 1705 2804 probem.
1781 2727 2015 2801 Luccejus
2041 2740 2153 2782 erat
2186 2722 2304 2781 exi-⁴

279 2804 593 2878 tummegi
620 2804 782 2877 poffit
801 2802 875 2872 ,fi
926 2805 1175 2861 ententia
1204 2816 1423 2863 tantum
1455 2803 1729 2880 speetetur
1746 2823 1759 2861 :
1779 2803 1872 2863 sed
1901 2801 2132 2861 affinitas
2147 2799 2301 2859 abest

275 2877 366 2958 ina
399 2879 705 2938 litterarum
736 2921 760 2954 Ἴ,
798 2896 968 2955 quam
1006 2897 1114 2955 ego
1146 2881 1203 2938 in
1235 2882 1373 2939 locis
1406 2878 1767 2940 emendandis
1799 2880 2046 2938 maxime
2077 2881 2309 2955 quaero*e

281 2953 598 3029 Luccejum
634 2954 866 3030 quidem
900 2956 1179 3014 exiturum
1215 2954 1409 3027 fuiffe,
1451 2959 1511 3015 &
1541 2959 1612 3016 in·
1635 2956 1940 3015 Sardiniam
1971 2956 2306 3024 iturum‚in

278 3047 346 3088 ea
364 3071 382 3098 ‚
420 3048 551 3107 quae
578 3032 835 3106 proxima
862 3031 1111 3109 sequitur
1129 3075 1145 3100 ,
1165 3033 1388 3108 epistola
1418 3034 1502 3092 his
1534 3034 1713 3093 verbis
1742 3032 2001 3108 scriptum
2035 3031 2141 3090 est:
2162 3040 2302 3088 Luc-

277 3107 439 3180 ccjum
470 3107 736 3164 convenire
767 3127 867 3164 non
892 3121 1162 3183 potueram
1198 3152 1215 3178 ‚
1254 3110 1387 3187 quod
1418 3110 1656 3184 abfuerat
1694 3131 1709 3168 :
1750 3110 1920 3167 videre
1949 3124 2125 3173 aurem
2160 3108 2301 3164 vole-
2395 3175 2398 3180 .

279 3180 402 3239 bam
419 3225 437 3251 ‚
513 3185 610 3240 uod
638 3205 780 3241 eram
840 3185 1030 3257 astridiae
1061 3194 1228 3243 Roma
1254 3186 1489 3243 exiturus
1507 3229 1524 3256 ,
1564 3206 1633 3249 ey
1659 3187 1794 3266 quod
1817 3187 1896 3243 ille
1923 3186 1981 3242 in
1998 3185 2303 3242 sardiniam

277 3257 375 3315 iter
404 3206 637 3345 hageqat.
673 3259 756 3319 Po
803 3273 858 3320 et
880 3262 1061 3320 ¹etiam
1093 3263 1328 3337 reponi,
1369 3263 1611 3331 Latiare,
1646 3266 1707 3321 &
1741 3263 2007 3340 conjungi
2036 3259 2165 3319 cuni
2200 3279 2302 3321 au·-

281 3335 662 3394 tecedentibus
696 3337 907 3395 verbis:
949 3349 1012 3394 ut
1042 3337 1139 3396 sit:
1184 3339 1450 3416 Ceteroqui
1480 3344 1758 3413 conficiam
1789 3356 1900 3397 erat
1937 3338 2161 3396 Latiare.
2201 3337 2304 3397 den

280 3410 447 3471 inde:
491 3419 658 3470 Eram
687 3414 934 3472 exiturus.
965 3425 1030 3471 ut
1056 3415 1170 3472 hoc
1199 3415 1347 3473 dicat
1366 3436 1379 3473 :
1401 3421 1483 3472 De
1516 3418 1685 3473 Tullia
1718 3435 1783 3477 ω’
1812 3415 2085 3491 Craffipede
2110 3414 2306 3494 alioqui

278 3490 558 3561 consistam
585 3505 698 3545 erat
712 3531 729 3558 ,
769 3493 1049 3562 confictum
1080 3507 1255 3549 autem
1285 3492 1382 3568 ipso
1413 3493 1729 3550 Latinarum
1760 3493 1850 3550 die.
1892 3511 2023 3550 nam
2057 3492 2265 3548 Latiare
2281 3534 2332 3563 ,ἢ

278 3563 572 3626 latinarum
607 3566 880 3624 sollemne
914 3565 1176 3649 fignificat
1209 3588 1223 3626 :
1255 3568 1422 3703 <ciluod
1456 3587 1524 3628 ex
1557 3570 1855 3629 Macrobio
1885 3570 2118 3627 constat.
2157 3569 2304 3627 hanc

282 3656 393 3713 ego
426 3660 672 3701 amarem
707 3641 1153 3701 corretffionem:
1194 3645 1252 3702 vi
1296 3657 1416 3702 etur
1450 3647 1598 3704 enim
1625 3689 1641 3715 ,
1680 3656 1742 3703 ut
1775 3647 1849 3703 ita
1884 3645 2067 3704 dicam
2102 3687 2119 3713 ‚
2159 3666 2304 3706 vere-

277 3717 445 3778 cunda
462 3741 480 3784 ;
523 3718 654 3802 quia
682 3717 743 3775 fit
774 3716 938 3782 unius
970 3729 1190 3784 tantum
1218 3720 1419 3794 litterae
1449 3721 1799 3798 adjeetione,
1840 3724 1899 3780 ὅ(
1931 3723 2048 3799 ejus
2081 3722 2302 3791 litterae,

279 3807 408 3868 quae
440 3794 621 3870 prima
650 3793 928 3873 sequentis
963 3793 1220 3858 dit‘tionis
1257 3798 1349 3859 est.
1385 3816 1604 3877 exque
1639 3799 1827 3863 minor
1856 3799 2108 3877 quodam
2125 3798 2305 3933 lumi?
