2514 4438
438 237 546 322 D2,
612 238 690 316 E
753 224 1178 320 ,Dj‘lxcss
1237 227 1308 310 A
1403 234 1499 320 Τ,
1572 237 1615 319 -1
1695 237 1800 316 04
2034 256 2185 346 24ss

71 446 78 452 .
153 363 381 451 mini,
425 385 583 433 cum
607 419 627 451 ‚
676 381 740 431 te
770 352 946 455 apud
984 379 1102 425 nos
1140 350 1525 436 studiomm
1697 360 1712 375 ’
1762 387 2190 443 commotam.

153 487 269 553 te,
317 485 447 559 ego
483 461 565 531 de
599 457 932 557 superiore
964 455 1156 543 lom,
1204 454 1356 531 haec
1383 456 1520 558 ipss
1661 462 1984 558 petitione
2012 492 2186 564 prae-

149 585 355 660 cepta
391 557 884 658 interpretabar,
984 553 1142 646 Qua
1176 555 1458 653 quidem
1482 557 1930 658 explicatione
1953 585 2030 639 tu
2047 591 2187 644 ma..

149 686 508 762 gnopere,
565 666 932 756 (quantum
968 654 1100 750 ipse
1130 655 1324 752 potui
1350 657 1914 757 animadvertere)
1947 684 2191 764 praetet

153 786 449 834 coeteros
479 760 740 856 equales
774 780 924 828 tuos
948 814 966 844 ,
1018 752 1484 831 delectabaris:
1539 756 1647 832 Ut
1675 782 2188 843 noncontentus

149 862 251 938 iis
274 916 299 951 ,
344 881 503 957 quae
529 879 662 956 ego
689 854 1091 952 disputando
1122 854 1519 945 attuliffem,
1562 856 1689 930 alia
1718 880 2051 956 quaerere,
2094 866 2188 942 de

152 959 319 1031 aliis
360 954 662 1029 dubimre
693 952 1082 1053 fi-equenter
1111 950 1373 1027 soleres.
1468 953 1704 1052 Quare
1755 981 1899 1033 non
1938 980 2187 1040 temere

152 1055 448 1153 utrique
472 1052 781 1129 nostrum
809 1046 1180 1126 convenire
1208 1053 1500 1146 credidi,
1547 1075 1661 1145 ut,
1689 1080 1856 1154 quae
1877 1083 1966 1132 ex
1991 1059 2188 1163 inge·-

156 1155 292 1229 nio
335 1151 572 1225 nostro
598 1211 623 1246 ‚
673 1178 836 1226 cum
883 1170 962 1223 tu
1009 1148 1232 1222 aderas
1266 1208 1291 1243 ,
1332 1153 1807 1250 explicationes
1837 1158 2043 1232 effent
2069 1162 2187 1237 de·

156 1270 509 1352 promptae
522 1307 547 1342 ,
594 1251 827 1327 oedem
852 1249 1054 1327 etiam
1082 1243 1333 1324 absenti
1361 1251 1487 1325 tibi
1514 1251 1748 1339 dioetae
1779 1312 1801 1344 ‚
1847 1256 1922 1328 in
1949 1281 2189 1335 manus

160 1350 539 1425 hominum
583 1347 1033 1449 pervenirent.
1131 1347 1284 1445 Qii
1330 1349 1516 1424 enim
1543 1375 1691 1424 non
1718 1353 2076 1451 probatum
2101 1359 2185 1432 iri

164 1453 430 1547 sperem
463 1448 721 1525 librum
754 1445 940 1525 hunc
969 1446 1069 1521 illi
1099 1505 1124 1540 ,
1167 1448 1412 1524 nostris
1439 1450 1679 1524 additis
1706 1452 2187 1551 explanationi·-

160 1545 304 1623 bus
338 1605 363 1640 ,
408 1547 523 1639 cui
553 1548 837 1623 nudum·
854 1546 1077 1644 ipsum
1108 1572 1231 1645 per
1256 1547 1323 1621 st:
1350 1548 1494 1622 satis
1509 1550 1654 1648 jam
1677 1549 1996 1648 'placuifle
2018 1580 2187 1656 cog..

164 1648 462 1723 norim?
518 1650 664 1721 Aut
701 1673 829 1721 cur
859 1670 1002 1718 non
1028 1646 1110 1719 fit
1138 1646 1193 1720 is
1222 1646 1510 1722 libenter
1538 1645 1908 1725 littemrum
1938 1678 2187 1729 monu-

167 1745 420 1821 mentis
445 1770 523 1820 ea
550 1744 1017 1825 commendata
1041 1745 1440 1822 metaturus
1472 1804 1494 1836 ‚
1541 1772 1699 1845 quae
1728 1750 1988 1823 summa
2015 1753 2184 1826 olim

170 1846 528 1921 Voluntate
553 1870 641 1919 ex
669 1871 788 1919 ore
819 1843 1056 1918 nostro
1092 1843 1393 1942 profecta
1439 1845 1858 1943 accipiebat?
1905 1850 2188 1926 Accedit

165 1970 263 2032 co
277 2002 300 2035 ‚
343 1963 425 2016 ut
441 1997 465 2033 ‚
510 1943 1086 2041 quemadmodum
1116 1943 1298 2017 illius
1331 1943 1653 2041 temporis
1682 1948 2072 2021 memoriam
2092 1950 2188 2023 ti-

171 2041 255 2116 bi
272 2042 646 2141 jucundam
675 2042 804 2117 effe
833 2103 856 2136 ,
917 2041 1003 2114 de
1033 2041 1268 2116 multis
1290 2043 1494 2117 audio
1528 2102 1554 2135 ,
1618 2043 1709 2117 fic
1739 2045 2187 2142 perhonorifia

168 2165 344 2214 cum
388 2140 559 2213 mihi
602 2136 752 2215 fore‘
776 2142 1020 2217 ducam
1051 2197 1076 2233 ‚
1135 2140 1601 2216 testimonium
1627 2143 1903 2242 aliquod
1931 2166 2187 2239 extare,

171 2241 293 2315 vel
323 2263 493 2313 moae
522 2264 677 2341 erga
705 2261 773 2314 te
800 2258 1092 2339 paternae
1118 2241 1612 2316 benevolentiae
1638 2298 1662 2333 ‚
1723 2243 1838 2318 vel
1864 2266 2003 2319 tuae
2031 2270 2188 2346 erga

175 2364 294 2412 me
332 2345 459 2432 (ut
488 2339 626 2437 ipse
655 2339 994 2437 loqueris)
1032 2339 1493 2416 observantiael
1583 2339 1777 2414 Cum
1823 2343 2186 2438 praesertim

182 2438 405 2534 (quod
431 2438 601 2510 mihi
632 2439 829 2511 nullo
857 2438 1067 2510 modo
1099 2439 1673 2512 contemnendum
1706 2439 1831 2532 est)
1883 2443 2049 2514 meis
2078 2466 2190 2514 me

175 2536 441 2610 civibus
488 2535 931 2636 gratissimum
977 2536 1050 2607 in
1100 2559 1183 2608 eo
1232 2535 1572 2609 facturum
1639 2536 1858 2609 sciam.
1975 2540 2186 2637 Apud

175 2660 352 2732 quos
381 2660 544 2708 cum
575 2656 760 2732 pater
785 2655 943 2708 tuus
974 2692 998 2726 ‚
1053 2634 1163 2709 vir·
1191 2633 1577 2708 clarissimus
1607 2654 1806 2732 atque
1835 2636 2132 2733 optimus
2165 2695 2190 2727 ,

174 2732 466 2826 Jacobus
484 2735 892 2807 Foscarenus
922 2732 1566 2832 magnificentissima
1595 2754 1882 2844 praetura
1910 2734 2187 2808 functus

179 2830 299 2920 fit,
344 2856 522 2909 anno
556 2830 679 2905 illo
717 2831 1178 2923 memorabili,
1223 2854 1422 2922 cum,
1472 2832 1656 2905 Italia
1685 2830 1823 2904 fere
1850 2839 1988 2906 tot'a
2013 2835 2188 2908 fiune

178 2929 522 3003 laborante
555 2987 577 3021 ‚
627 2931 883 3003 summa
926 2931 1228 3028 praetoris
1263 2930 1604 3030 vigilantia
1634 2987 1656 3019 ,
1706 2929 2074 3029 integritate
2111 2936 2186 3006 &
2227 3001 2229 3006 ,

178 3019 563 3102 liberalitate
593 3029 849 3103 facturn
882 3029 979 3103 cst
998 3088 1019 3119 ‚
1049 3049 1128 3102 ut
1158 3028 1387 3104 civitas
1420 3029 1641 3101 nostra
1667 3026 1801 3101 sola
1829 3055 2190 3128 propemo-

176 3127 350 3200 dum
381 3125 605 3200 nullos
634 3126 826 3202 famis
860 3129 1117 3200 morsus
1151 3122 1414 3200 sentiret
1448 3158 1469 3219 3
1518 3147 1652 3201 tam
1696 3127 1824 3200 alte
1861 3128 2080 3201 defixa
2112 3131 2188 3203 δε

179 3224 255 3298 in
295 3225 532 3298 animis
581 3227 894 3300 omnium
948 3225 1251 3324 imprefl'a
1283 3226 1380 3297 est
1409 3225 1682 3325 insignis
1718 3225 1830 3299 illa
1865 3245 2191 3323 praetura,

123 3381 131 3391 x
172 3343 263 3397 ut
295 3335 496 3394 nemo
527 3348 668 3397 non
700 3324 1121 3398 libentissime
1146 3325 1287 3423 ejus
1315 3326 1708 3397 memoriam
1737 3324 2009 3423 usurpet
2027 3384 2046 3417 ‚
2076 3352 2191 3400 ne·-

180 3446 303 3495 mo
354 3445 493 3492 non
553 3441 696 3496 toto
758 3424 1030 3522 pectore
1090 3421 1532 3520 amplectatur
1578 3426 1653 3497 &
1700 3422 2122 3497 exosculetur
2167 3480 2191 3517 ,

182 3518 522 3617 quidquid
566 3522 649 3593 ad
694 3523 858 3596 tanti
890 3522 1021 3597 viri
1052 3522 1275 3595 laudes
1304 3522 1715 3596 renovandas
1738 3579 1766 3613 ‚
1814 3520 1887 3593 &
1937 3541 2188 3630 gratam

182 3643 343 3717 erga
358 3617 557 3691 illum
574 3638 918 3719 totamque
949 3622 1089 3722 ejus
1122 3621 1407 3693 domum
1425 3623 1838 3695 voluntatem
1855 3621 2193 3694 ammidea

179 3715 559 3794 clarandam
604 3720 941 3817 pertineat.
1038 3718 1234 3818 Quid
1279 3718 1376 3796 est·
1415 3742 1638 3797 autem
1696 3717 1884 3817 quod
1917 3719 2193 3820 propius

2094 3838 2192 3891 at-
