2514 4438
334 249 1231 331 m·Ltn.·11.³E1·.fAt›
1278 247 1391 349 Q
1431 250 1790 327 Fn.-E1›.
1836 252 1994 333 ΙΙΙ.
2106 271 2216 362 39

250 370 370 449 Ore]
411 383 547 428 cum
594 367 939 427 immutatus·
967 363 1133 426 color.
1167 367 1396 426 mentis*
1418 368 1829 432 solicitudinem
1873 372 2145 434 indicaret
2174 401 2198 445 ;

169 458 368 505 matra
398 462 575 523 quam
604 442 889 520 Pompejo
920 454 1185 502 evenerat
1200 465 1219 509 ;
1261 443 1363 520 qui
1380 486 1398 513 ‚
1437 445 1682 506 clamore
1711 466 2010 525 operarum
2027 452 2198 512 mini-

154 540 268 597 2me
297 522 593 582 deterritus
608 561 630 591 ,
669 537 802 579 cum
832 517 1162 580 auctoritate
1193 518 1416 596 semper
1446 533 1654 598 egerat.
2191 539 2202 553 ¹

247 608 391 657 Hera
422 610 517 657 vr.
604 597 769 656 tertia
799 596 912 657 diei
943 597 1079 656 hora
1103 594 1452 672 judiciorum
1499 609 1615 656 erat
1648 599 1845 674 prima.
1874 600 2045 663 docet
2073 607 2202 665 hoc·

158 676 435 762 Martialis
472 676 483 685 ’
591 674 778 762 versus
805 715 824 743 ,
875 687 1065 731 exerat
1095 691 1274 760 rqucos
1305 675 1461 731 tertia
1492 674 1770 750 casffdicos
1801 718 1820 745 ,
1872 678 2026 743 idern
2074 685 2194 743 fere

160 753 248 812 est
273 752 449 812 hodie
516 762 716 829 'uoque
748 769 807 811 m
835 748 1238 810 consuetudme
1272 750 1536 826 politum.
2115 796 2120 801 .

245 829 484 893 Clodiam
551 828 613 887 P.
644 827 834 888 Clodii
861 826 1111 888 sororem
1131 868 1150 895 ‚
1188 844 1318 886 eam
1346 826 1420 886 de
1447 827 1619 886 tribus
1636 869 1654 896 ,
1693 838 1757 887 ut
1787 830 2027 906 opinor,
2062 838 2204 911 quae

164 906 501 983 Q.·Metelli
530 904 746 964 Celeris
774 920 921 964 uxor
954 916 1087 966 erat.
1115 920 1249 961 nam
1284 902 1382 961 etfi
1413 904 1644 980 reliquae
1675 906 1816 965 item
1848 906 1980 965 duae
2000 950 2017 977 ,
2050 928 2159 969 una
2177 948 2201 980 ,

162 998 299 1059 quae
331 985 412 1058 Q.
445 982 673 1043 Marcio
704 980 853 1057 Regi
881 1022 899 1049 ,
940 980 1107 1039 altera
1142 1021 1159 1047 ‚
1210 996 1344 1055 quae
1379 981 1449 1038 L.
1474 980 1730 1040 Lucullo
1766 984 2038 1042 collocata
2071 988 2196 1045 fue-

163 1070 283 1128 rat,
319 1059 471 1136 male
506 1057 806 1119 audiebant
840 1054 1210 1132 impudicitiae
1240 1057 1478 1116 nomine
1495 1098 1512 1127 ‚
1539 1061 1618 1115 'tt
1653 1059 1826 1118 etiam
1859 1077 1992 1119 cum
2029 1063 2200 1123 fratre

126 1193 139 1199 ,
169 1135 377 1194 Clodio
410 1153 535 1195 rem
558 1132 811 1194 habuiffe
839 1132 1187 1192 dicerentur:
1206 1134 1333 1193 haec
1363 1142 1556 1194 tamen
1575 1134 1794 1194 Metelli
1822 1154 1967 1197 uxor
1984 1179 2002 1206 ‚
2021 1156 2197 1216 quam

170 1213 635 1287 Quadrantariam
671 1209 782 1271 effe
811 1210 1139 1287 appellatam
1173 1209 1496 1273 Plutarchus
1526 1210 1691 1271 tradit
1728 1255 1745 1281 ‚
1784 1213 2017 1273 infamia
2048 1226 2204 1291 prae-J

170 1288 353 1349 stabat.
386 1289 452 1347 δε
480 1289 627 1349 hanc
657 1286 924 1363 fignificat
940 1287 1146 1345 Cicero
1175 1286 1318 1344 libro
1332 1285 1405 1345 ad
1420 1287 1679 1346 Atticum
1703 1307 1725 1346 1
1740 1308 1787 1348 1.
1806 1306 1937 1350 cum
1958 1292 2197 1366 appellat

170 1365 447 1432 Baba-da:
494 1367 558 1425 ὃ(
588 1366 649 1425 in
677 1364 937 1425 oratione
968 1362 1040 1422 de
1071 1363 1423 1439 haruspicum
1456 1363 1721 1438 responsls
1740 1405 1759 1433 ,
1799 1382 1929 1424 cum
1963 1367 2073 1424 ait:
2118 1378 2200 1426 Na

164 1450 227 1507 id
340 1451 349 1460 ‘
485 1442 644 1518 sentis
674 1492 693 1518 ,
744 1450 1070 1506 cannivemes
1099 1446 1211 1506 illos
1240 1447 1399 1505 oculos
1430 1447 1594 1504 abavi
1627 1449 1706 1505 tui
1753 1450 1912 1524 magis
1962 1452 2204 1527 optandos

151 1472 318 1602 fiai}
349 1568 368 1595 ,
404 1545 560 1604 quam
588 1526 681 1584 hos
700 1523 985 1603 flagrantes
1005 1523 1190 1600 sororis
1223 1523 1250 1582 ?
1291 1522 1352 1583 iri
1386 1541 1453 1583 ea
1483 1540 1624 1582 vero
1660 1540 1764 1600 pro
1799 1524 1986 1583 Coelio
2024 1569 2041 1595 ,
2080 1544 2199 1587 non

171 1602 361 1662 modo
391 1605 627 1678 exagitat
658 1620 786 1662 eam
806 1644 822 1672 ,
863 1604 994 1681 quia
1025 1603 1281 1669 vitorum
1310 1600 1677 1660 concubitum
1698 1643 1716 1670 ‚
1755 1601 2044 1676 instigante
2073 1602 2199 1665 libi-

173 1679 306 1740 dine
341 1723 360 1748 ,
399 1680 641 1739 nimium
673 1682 984 1755 petulanter
1012 1690 1301 1757 appeteret
1334 1720 1352 1747 ‚
1406 1695 1604 1736 verum
1645 1678 1815 1736 etiam
1851 1678 1972 1737 satis
2007 1686 2196 1755 aperta

170 1755 479 1833 suspicione
511 1757 686 1832 carpit
717 1798 737 1826 ,
773 1756 927 1833 quafi
957 1773 1247 1816 venenum
1280 1754 1521 1813 Metello
1558 1755 1788 1831 conjugi
1819 1752 2065 1813 dediffet.
2109 1792 2114 1795 -

122 1902 125 1911 ἡ
214 1870 219 1875 -
249 1833 608 1906 Plebmfame
619 1835 845 1912 necaret]
884 1834 1038 1912 quali
1067 1833 1374 1908 Pompejus
1392 1872 1411 1900 ,
1445 1830 1546 1908 qui
1563 1831 1645 1888 rei
1660 1832 2043 1890 frumentariae
2060 1844 2205 1907 praei·

178 1908 308 1969 effer
326 1952 346 1980 ,
385 1912 740 1971 frumentum
775 1911 1190 1987 comprimeret.
2137 1945 2142 1950 -

167 2014 175 2021 ·
249 1987 669 2066 Alexandriam]
710 1987 1031 2046 restituendi
1061 1983 1362 2045 Ptolemaei
1392 1982 1587 2043 caussa.
1957 2009 1966 2021 ·

250 2073 333 2121 De
363 2065 577 2144 Rostris]
600 2081 741 2123 *non
776 2105 794 2132 ,
832 2063 993 2142 quod
1021 2061 1362 2122 accusatores
1395 2061 1456 2120 in
1487 2060 1723 2119 foro2de
1753 2060 1962 2121 Rostris
1995 2062 2209 2140 loque?

108 2144 115 2149 “
173 2152 397 2207 rentum
438 2140 568 2209 sed,
607 2140 740 2218 quia
777 2141 1010 2201 Clodius
1030 2182 1048 2209 ,
1085 2138 1323 2198 Milonis
1355 2137 1637 2196 accusator
1656 2181 1675 2209 ,
1715 2137 1898 2197 aedilis·
1924 2149 2043 2198 erat
2073 2161 2091 2207 ;
2136 2141 2200 2200 &

166 2217 295 2294 jure
328 2217 669 2293 magistratus
703 2215 776 2277 ad
807 2218 1081 2295 populum
1117 2215 1190 2276 de
1223 2215 1431 2276 Rostris
1462 2216 1631 2274 verba
1663 2216 1849 2277 facere
1881 2228 2121 2292 poterat.
2179 2261 2196 2276 .

246 2303 463 2351 Senatus
494 2295 794 2355 vocamina
825 2295 1051 2373 curiam]
1098 2312 1220 2354 nx.
1250 2292 1373 2351 idus
1394 2333 1412 2360 ,
1449 2293 1564 2351 hoc
1597 2293 1671 2351 est
1705 2338 1722 2364 ,
1764 2289 1990 2369 eolipso
2023 2337 2040 2363 ‚
2078 2311 2200 2370 quo

174 2388 280 2446 pro
314 2373 539 2434 Milone
564 2371 877 2448 'Pompejus
905 2371 1081 2440 dixit,
1121 2369 1228 2429 die.
1269 2368 1504 2426 Licebat
1523 2368 1689 2443 igitur
1718 2370 1859 2442 fastis
1894 2370 2085 2427 diebus
2102 2373 2202 2429 ha*

168 2448 298 2506 beri
327 2448 580 2507 senatimi
600 2490 618 2517 ,
650 2447 873 2522 judiciis
902 2446 1175 2507 videlicet
1196 2444 1505 2511 confestim
1545 2446 1650 2503 nifi
1666 2446 1860 2523 siquid
1877 2446 2102 2521 majoris
2122 2445 2205 2504 rei

169 2526 399 2601 praeripi
431 2538 654 2600 tem-pus
683 2537 927 2600 cogeret.
1767 2544 1776 2550 ·
2033 2532 2037 2537 ’

253 2603 480 2659 Curiam
492 2607 507 2678 j
548 2618 679 2659 cum
715 2600 853 2660 nihil
880 2599 1100 2660 additur
1118 2641 1135 2667 ,
1174 2597 1475 2656 Hostiliam
1512 2596 1744 2671 intelligi
1777 2609 1982 2655 notum
2015 2597 2106 2654 est.

168 2709 171 2712 ·
246 2676 382 2753 Pag.
410 2678 503 2750 48.
540 2677 761 2757 Bibulo]
816 2678 903 2735 M.
940 2675 1246 2751 Calpurnio
1275 2673 1477 2732 Bibulo
1511 2694 1529 2741 ;
1572 2674 1672 2750 qui
1704 2690 1836 2731 cum
1871 2674 1938 2730 C.
1972 2671 2203 2731 Caesarie

146 2751 314 2814 ·effet
344 2754 748 2814 inimiciffimus
769 2797 786 2823 ‚
821 2771 1094 2828 generum
1127 2751 1245 2827 ejus
1278 2750 1619 2825 Pompejum
1638 2791 1656 2818 ,
1698 2751 1759 2807 &
1790 2750 1847 2807 in
1863 2748 2206 2808 ferendisle‘-

171 2830 337 2907 gibus
355 2874 373 2902 ,
408 2831 527 2890 hoc
555 2831 631 2889 est
660 2833 720 2890 in
750 2829 1053 2892 evertenda
1086 2845 1200 2903 rep.
1234 2826 1680 2885 consentientem
1702 2867 1721 2896 ,
1759 2843 1947 2885 amare
1964 2842 2082 2883 non
2100 2842 2205 2901 po-

166 2918 341 2966 ¹terat.
636 2913 637 2918 ’

261 2985 511 3064 Curione]
553 2987 621 3044 C.
657 2985 947 3044 Scribonio
982 2981 1235 3041 Curione
1254 3024 1273 3050 ,
1312 2981 1438 3039 viro
1471 2979 1740 3054 consulari
1776 3022 1792 3048 ,
1833 2991 2056 3038 oratore
2091 2989 2213 3037 non

172 3061 502 3137 postremo:
549 3081 679 3122 cum
712 3075 905 3138 tamen
936 3077 1125 3135 neque
1159 3057 1438 3117 memoria
1459 3099 1476 3126 ,
1514 3075 1702 3133 neque
1719 3058 1827 3115 ulla
1844 3057 2087 3130 omnino
2106 3055 2212 3113 do-

172 3137 359 3198 &rina
388 3138 615 3198 valeret.
648 3151 805 3215 pater
838 3139 954 3214 ejus
990 3135 1251 3194 Curionis
1284 3135 1390 3192 fuit
1424 3175 1443 3201 ‚
1479 3135 1581 3210 qui
1612 3133 1762 3192 civili
1796 3133 1944 3191 bello
1979 3131 2211 3190 Caesaris

172 3224 363 3291 partes
391 3214 607 3274 secutus
626 3258 641 3285 ,
680 3217 740 3274 in
775 3216 968 3273 Africa
1005 3212 1080 3271 est
1111 3210 1452 3270 interfectus.
1586 3209 1592 3217 '
2137 3229 2142 3233 ·
2185 3243 2198 3254 .

259 3293 492 3349 Favonio
558 3293 645 3350 M.
663 3291 922 3350 Favonio
940 3332 956 3357 ,
997 3289 1231 3346 Catonis
1265 3288 1476 3345 aemulo
1512 3284 1568 3344 in
1600 3286 2051 3361 propugnatione
2071 3286 2208 3360 reip.

174 3371 241 3429 δε
273 3367 488 3446 loquen
533 3369 543 3378 ‘
576 3369 843 3427 libertate.
879 3366 1089 3426 occisus
1126 3364 1201 3422 est
1236 3363 1381 3421 inter
1404 3375 1474 3421 ‘ca
1513 3364 1663 3421 tivos
1681 3362 2029 3421 atri-umviris
2052 3360 2209 3435 ,post

173 3445 514 3506 Brutum&
548 3445 793 3503 Caffium
822 3439 1154 3517 Philippensi
1189 3454 1373 3514 pugna
1404 3441 1498 3497 vic
1523 3457 1602 3497 οε.

240 3521 475 3584 Servilio
496 3521 634 3607 filio]
672 3521 775 3597 qui
800 3519 992 3578 consul
1019 3519 1208 3593 postea
1237 3515 1345 3572 fuit
1377 3533 1509 3574 cum
1553 3516 1620 3576 C.
1654 3514 1873 3573 Caesare
1907 3556 1924 3582 ‚
1964 3514 2026 3570 &
2055 3512 2210 3570 addi-

174 3598 266 3658 dit
288 3639 306 3666 ,
332 3596 443 3669 filia
464 3639 480 3667 ,
519 3616 653 3674 qula
685 3596 912 3655 vivebat
941 3594 1121 3653 adhuc
1152 3602 1307 3667 pater
1338 3594 1455 3669 ejus
1480 3633 1495 3658 ‚
1543 3591 1603 3648 P.
1637 3591 1896 3648 Servilius
1929 3589 2212 3648 Isauricus·

260 3676 567 3753 Bonorum]
611 3684 833 3749 apparet
867 3673 935 3730 ab
966 3686 1039 3728 eo
1071 3670 1219 3726 bonos
1251 3669 1446 3727 vocari
1475 3667 1736 3726 Bibulum
1773 3708 1789 3734 ‚
1844 3665 2157 3723 Curionem
2194 3707 2215 3733 ,

177 3750 511 3809 Favonium
533 3792 550 3817 ,
592 3751 886 3808 Servilium
911 3791 926 3816 ,
967 3745 1393 3823 qutalibertatis
1427 3741 1666 3802 caussam
1701 3752 1894 3800 contra
1911 3740 2223 3800 extraordi-

183 3827 370 3896 narias
402 3826 635 3888 Caesaris
666 3826 1042 3904 Pompejique
1074 3838 1210 3900 opes
1240 3831 1549 3955 mergatur.
2013 3847 2014 3850 ¹
2061 3863 2135 3945 ,Θ
2185 3826 2204 3902 J

259 3921 294 3958 '³
1377 3961 1387 3969 .
1441 3913 1473 3974 3
2088 3912 2225 3969 Ab

2183 4165 2252 4218 s.
