2514 4438
330 238 481 336 256
693 234 1176 308 Pansam
1225 229 2021 309 connumeramus

334 351 405 416 iit
434 353 588 413 enim
620 351 715 410 hic
740 349 922 409 sensus
952 391 970 418 ‚
1009 349 1071 407 &
1100 358 1168 405 ut
1195 359 1336 423 puto
1368 390 1388 417 ,
1425 349 1704 411 efficacior
1734 369 1749 407 ι
1789 348 1832 408 fi
1863 351 2070 412 efficies
2092 395 2112 422 ,
2151 363 2257 411 ut-
2285 360 2443 433 qui»

327 440 485 490 mmc
512 429 612 486 tibi
647 445 763 485 non
793 423 1149 484 adversantur
1177 424 1424 510 quidem-
1444 466 1462 494 ‚
1499 425 1595 486 sed
1627 442 1733 484 nec
1761 426 2081 487 admodum
2116 431 2387 490 favent
2407 454 2435 499 ;

334 523 473 566 mox
517 505 625 562 tuis
669 503 852 562 verbis
882 500 1110 560 adducti
1144 543 1164 571 ,
1201 512 1279 558 1ta
1316 513 1616 560 incitentur
1648 543 1667 570 ‚
1705 512 1768 560 ut
1800 513 1897 562 tua
1927 504 2114 564 cauffa
2149 524 2441 583 cupere

330 581 661 649 videantur,
701 578 761 638 id
792 580 897 638 erit
923 579 1024 637 tibi
1051 595 1149 652 per
1179 577 1331 636 utile.
1371 579 1492 635 Aut
1524 576 1747 637 fortaffe
1761 578 2067 653 legendum
2092 624 2113 650 ,
2130 585 2387 641 volunt
2410 604 2437 644 ε

329 658 569 793 332..ssOE
599 673 757 791 ‘zeni
780 654 1280 803 {anement
1320 653 1491 800 {511³}
1521 655 1773 803 iret,
1837 652 1980 789 322⁸.
1993 656 2435 793 nemersi:

329 811 473 879 tati,
508 751 703 887 iniqua
730 808 856 880 inest
885 806 1064 883 aliqua
1089 804 1171 862 vis
1198 803 1438 880 desiderii.
1515 806 1597 862 At
1638 823 1710 864 ue
1740 807 1851 865 huc
1866 807 2321 883 respiciuntilla
2340 815 2424 874 in

321 884 437 946 fine
468 885 624 944 libri:
665 883 719 939 si
748 884 935 955 nostros
963 880 1036 937 ad
1053 880 1328 956 summum
1348 881 1584 953 studium
1594 822 1869 967 &malos
1895 885 2216 945 excitamus.

406 969 494 1020 Ac
518 961 748 1018 multum
775 960 935 1016 etiam
964 957 1288 1035 novitatem]
1321 967 1485 1018 tertia
1514 968 1657 1015 ratio
1691 1000 1709 1027 ,
1745 976 1856 1036 qua
1882 959 2218 1023 sublevetur
2254 983 2403 1024 no-

326 1039 470 1097 vitas
501 1035 792 1094 Ciceronis
824 1078 843 1104 ,
884 1034 961 1093 est
995 1034 1439 1108 competitorum
1469 1032 1764 1107 indignitas
1797 1055 1813 1094 z
1855 1034 1927 1094 de
1959 1039 2170 1113 quibus
2215 1041 2399 1118 quid

324 1113 588 1189 scripserit
616 1112 824 1170 Ascon.
851 1141 854 1148 ·
898 1110 1171 1170 Pedianus
1189 1151 1208 1176 ,
1248 1126 1439 1184 operae
1472 1112 1716 1184 pretium
1750 1112 1825 1169 est
1855 1111 2069 1180 videre.
2112 1114 2220 1176 Ille
2253 1119 2397 1191 igi-

326 1200 418 1247 tm·
445 1191 505 1247 in
536 1188 951 1246 commentario
983 1197 1122 1244 orat.
1151 1187 1211 1244 in
1243 1187 1641 1261 competitores
1674 1228 1693 1257 ‚
1720 1186 1816 1261 fix
1844 1191 2229 1265 competitores,
2276 1195 2395 1252 in-

322 1266 449 1354 quit
467 1307 485 1334 ,
522 1265 581 1321 in
611 1263 902 1339 consulatus
921 1263 1158 1340 petitione
1190 1261 1395 1320 Cicero
1427 1261 1615 1320 habuit
1633 1286 1651 1331 ;
1670 1262 1811 1321 duos
1824 1264 2097 1325 Patricios
2115 1308 2134 1335 ‚
2151 1268 2215 1325 P.
2234 1270 2391 1329 Sul-

322 1344 540 1420 picium
567 1340 807 1400 Galbam
823 1382 840 1408 ,
877 1340 951 1397 L.
986 1338 1238 1412 sergium
1272 1337 1570 1397 Catilinam
1584 1361 1616 1406 ;Δ
1645 1349 1909 1416 quattuor
1937 1341 2233 1416 plebeios;
2282 1364 2383 1406 ex

322 1418 525 1505 quibus
542 1459 560 1486 ‚
598 1417 740 1476 duos
773 1415 986 1475 nobiles
1016 1456 1034 1484 ‚
1075 1414 1146 1472 C.
1172 1414 1494 1474 Antonium
1528 1456 1547 1483 ,
1585 1416 1669 1473 M.
1702 1416 1946 1474 Antonii
1980 1422 2227 1479 oratoris
2256 1421 2376 1480 Fi-

322 1495 465 1556 hum
483 1537 500 1563 ,
541 1494 612 1553 L.
647 1493 890 1551 Caffium
924 1492 1290 1565 Longinum;
1331 1488 1507 1559 duos,
1545 1493 1644 1567 qui
1669 1502 1887 1553 tantum
1918 1510 2042 1552 non
2070 1497 2247 1570 primi
2283 1515 2379 1556 ex

321 1571 547 1631 familiis
579 1570 683 1628 suis
718 1568 1090 1643 magistratum
1122 1565 1310 1640 adepti
1342 1577 1498 1625 erant
1516 1608 1534 1636 ,
1574 1569 1652 1642 Q.
1682 1568 2227 1630 Cornificium&C.
2245 1573 2369 1634 Lia-

321 1648 538 1705 cinium
571 1644 947 1704 Sacerdotem.
987 1643 1178 1700 Ceteri
1210 1642 1328 1716 ejus
1361 1644 1758 1718 competitores
1775 1644 2027 1705 modeste
2041 1647 2100 1704 se
2115 1646 2365 1722 geffere.

322 1723 561 1800 Vifique
591 1721 717 1780 sunt
749 1718 1082 1780 Cornificius
1113 1720 1176 1776 δε
1207 1718 1386 1778 Galba
1413 1719 1578 1778 sobrii
1609 1735 1676 1777 ac
1704 1720 1873 1780 sanffi
1908 1722 2016 1780 viri
2032 1764 2052 1791 ,
2074 1724 2365 1784 Sacerdos

320 1799 473 1859 nulla
502 1797 861 1875 improbitate
889 1805 1072 1855 notus.
1112 1794 1357 1854 Caffium
1378 1836 1397 1863 ,
1436 1795 1537 1871 qui
1564 1795 1708 1855 iners
1740 1813 1804 1854 ac
1832 1796 2060 1858 stolidus
2075 1810 2200 1858 tum
2220 1819 2355 1860 ma·-

320 1876 405 1952 gis
475 1893 608 1935 uam
634 1873 923 1950 improbus
950 1870 1233 1931 videretur
1247 1909 1266 1939 ,
1303 1871 1426 1947 post
1449 1889 1660 1958 paucos
1688 1874 1975 1933 mensesin
1994 1877 2356 1952 conjuratio-

324 1972 399 2011 ne
483 1953 689 2010 atilinae
723 1948 833 2009 effe
862 1948 1113 2025 apparuit
1131 1964 1229 2016 ,ac
1247 1948 1743 2007 cruentiffimarum
1763 1948 2163 2011 sententiarum
2180 1950 2346 2012 fuiffe

325 2027 636 2087 auctorem.
713 2026 913 2104 Itaque
955 2024 1017 2084 bi
1063 2034 1328 2101 quattuor
1357 2042 1462 2099 pro
1495 2042 1554 2082 re
1592 2024 1858 2085 'acebant.
1932 2026 2023 2084 Ex
2056 2028 2126 2087 iis
2171 2029 2342 2104 igitur

323 2115 593 2180 quattuor
619 2114 841 2161 tantum
865 2101 1125 2162 nominat
1152 2098 1466 2176 Quinctus5
1506 2118 1586 2159 no
1623 2102 1719 2161 iles
1751 2101 2058 2162 nimirum:
2098 2104 2174 2163 de
2193 2105 2343 2163 Cor-

323 2180 525 2240 nificio
557 2181 619 2237 &
637 2179 867 2239 Licinio
885 2222 902 2248 ‚
938 2176 1263 2237 hominibus
1294 2176 1459 2235 novis
1470 2216 1495 2246 .‚
1534 2177 1750 2239 nullum
1784 2179 2041 2239 verbum.

323 2304 332 2313 .
403 2255 667 2331 Ejusmodi
689 2256 904 2332 nobiles]
940 2270 1059 2312 uno
1089 2265 1350 2327 tempore
1383 2264 1649 2329 quattuor
1660 2255 1804 2331 ipsos
1819 2256 2033 2315 nobiles
2052 2259 2344 2334 complec-

323 2333 489 2400 titur3
528 2349 596 2390 ac
613 2374 631 2400 ,
670 2331 712 2389 fi
743 2341 1095 2406 comparetur
1128 2329 1391 2388 omnium
1423 2329 1679 2389 nobilitas
1718 2347 1849 2390 cum
1866 2334 2029 2391 unius
2045 2334 2339 2394 Ciceronis

318 2410 532 2468 virtute
546 2452 565 2479 ,
604 2408 754 2467 illam
786 2426 905 2468 non
938 2408 1057 2483 plus
1084 2422 1261 2483 quam
1291 2406 1436 2465 hanc
1463 2407 1649 2465 valere
1682 2405 1885 2466 debere
1916 2407 2068 2467 dicit.
2100 2409 2337 2469 Deinde

319 2485 397 2545 ad
420 2484 658 2560 fingulos
688 2484 969 2544 descendit
999 2504 1015 2543 ε
1054 2500 1120 2542 ac
1152 2481 1224 2540 de
1252 2481 1316 2540 Ρ.
1346 2482 1522 2542 Galba
1548 2484 1610 2542 δε
1642 2484 1712 2540 L.
1744 2484 1941 2545 Caffio.
1961 2484 2114 2543 addit
2148 2527 2168 2555 ‚
2203 2504 2326 2548 non

319 2560 507 2621 solum
551 2560 927 2637 praeferendos
954 2577 1073 2619 non
1102 2555 1212 2619 effe
1254 2559 1521 2617 Ciceroni
1553 2601 1572 2627 ,
1623 2558 1750 2617 licet
1782 2560 2007 2619 summo
2054 2562 2191 2622 loco
2219 2564 2334 2622 nati

325 2638 462 2706 sinn
503 2654 701 2696 verum
735 2638 942 2694 mirum
976 2636 1148 2694 etiam
1183 2630 1293 2693 effe
1325 2677 1343 2704 ,
1381 2653 1480 2695 eos
1511 2634 1857 2699 consulatum
1892 2636 2100 2696 audere
2129 2652 2340 2713 petere.

317 2717 524 2791 Quare
547 2711 714 2800 guod
742 2712 999 2771 nonnulli
1031 2714 1086 2774 τὶ
1100 2711 1297 2786 jamin
1311 2730 1440 2768 nam
1454 2721 1671 2771 mutare
1685 2712 2019 2780 voluerunt3
2037 2725 2331 2792 tamquam

315 2798 603 2856 *rationem
636 2794 832 2853 reddat
846 2836 864 2863 ,
905 2811 1002 2853 cur
1034 2796 1134 2854 illis
1165 2798 1285 2872 plus
1316 2798 1572 2858 nobilitas
1601 2840 1619 2868 ‚
1658 2815 1830 2875 quam
1860 2799 2132 2860 Ciceroni
2164 2803 2334 2861 virtus

320 2872 575 2947 prodefl’e
605 2888 724 2929 non
758 2870 958 2929 debeat
985 2893 1006 2938 ;
1047 2874 1187 2933 mihi
1221 2891 1343 2932 non
1374 2875 1554 2950 placet
1587 2896 1602 2933 :
1643 2891 1774 2934 cum
1805 2876 1930 2934 haec
1958 2893 2082 2935 non
2113 2878 2183 2936 ad
2216 2878 2335 2937 red-

317 2947 565 3008 dendam
596 2948 872 3005 rationem
892 2991 909 3017 ,
949 2949 1121 3023 magis
1150 2966 1326 3025 quam
1359 2951 1430 3010 ad
1460 2950 1909 3027 amplificandum
1941 2951 2132 3010 addita
2162 2953 2280 3013 fint.

394 3033 604 3081 Summo
637 3022 734 3080 loco
766 3029 938 3105 natos]
982 3036 1097 3083 erat
1168 3026 1360 3086 uidem
1393 3027 1528 3097 alter
1557 3028 1812 3104 patricius
1830 3070 1847 3097 ‚
1884 3029 2023 3086 alter
2051 3030 2333 3107 plebejus:

311 3100 414 3161 *led
444 3113 599 3159 erant
628 3102 825 3160 multae
855 3102 1086 3161 familiae
1116 3121 1153 3178 p
1174 3103 1351 3162 ebeiae
1370 3144 1388 3170 ,
1425 3105 1631 3180 amplae
1662 3105 1723 3161 &
1760 3104 2027 3162 honestae.

315 3218 324 3227 .
361 3189 370 3195 '
396 3179 530 3253 Qis
556 3179 623 3252 est
654 3179 742 3258 qui
763 3192 929 3255 petere
955 3177 1274 3252 consulatum
1297 3192 1444 3255 putet
1463 3180 1531 3259 ἓ]
1588 3179 1763 3239 Galba
1794 3181 1947 3240 enim
1983 3223 2001 3250 ,
2041 3182 2174 3240 licet
2208 3200 2333 3243 mo-

312 3252 641 3313 destiffimus
672 3266 841 3342 atque
872 3256 1120 3330 optimus
1148 3258 1236 3314 vir
1265 3252 1399 3313 effet
1433 3299 1452 3326 ,
1491 3268 1553 3314 ut
1586 3256 1661 3315 est
1692 3257 1749 3314 in
1784 3267 1922 3316 orat.
1955 3275 2060 3332 pro
2094 3259 2167 3316 L.
2203 3262 2334 3318 Mu·

312 3348 488 3400 rena,
523 3344 716 3390 tamen
750 3331 1140 3405 imprudentiae
1173 3332 1396 3391 videtur
1423 3333 1709 3401 damnari,
1747 3334 1806 3391 in
1820 3334 1999 3408 prima
2016 3353 2105 3409 ep.
2123 3336 2195 3394 ad
2210 3338 2331 3394 Att.

319 3408 420 3465 ubi
448 3407 521 3466 de
553 3409 669 3486 ejus
697 3425 1048 3484 praepropera
1081 3409 1432 3483 prensatione
1462 3409 1527 3467 fit
1558 3410 1812 3476 mentio;
1854 3426 1962 3469 nec
1978 3412 2180 3470 multae
2196 3428 2327 3470 auc-

319 3486 560 3544 toritatis
584 3486 767 3544 homo
797 3502 865 3559 ap
907 3496 1055 3551 aret,
1094 3485 1251 3562 quod
1286 3487 1341 3545 ei
1368 3486 1642 3560 prensanti
1671 3486 1844 3560 vulgo
1872 3499 2161 3561 negarent.
2236 3488 2332 3546 De

310 3559 512 3619 Caffio
541 3578 682 3620 vero
703 3564 825 3637 jam
899 3560 1074 3619 istum
1103 3561 1214 3631 est,
1255 3580 1325 3620 ex
1356 3563 1624 3621 Asconio,

315 3664 326 3681 s
398 3638 510 3710 Qt'
527 3635 640 3712 sine
674 3638 847 3695 nervis
867 3636 1008 3716 sint]
1047 3636 1160 3695 fine
1191 3639 1398 3697 viribus
1416 3681 1433 3707 ,
1473 3638 1587 3698 fine
1616 3639 1950 3700 auetoritate
1966 3682 1985 3710 ‚
2024 3640 2143 3698 fine
2161 3641 2330 3700 virtu-

309 3719 398 3785 ᾗτε.
436 3713 552 3770 Hic
579 3731 684 3788 pro
710 3716 804 3799 qui
821 3758 839 3785 ,
877 3714 1176 3789 legendum
1209 3715 1435 3774 videtur
1463 3717 1610 3795 quod.
1652 3715 1858 3775 Reddit
1892 3718 2044 3777 enim
2078 3715 2329 3775 cauffam.

315 3812 326 3823 ·
394 3796 486 3868 43
508 3797 780 3874 ggnfqmqs
812 3808 880 3855 ο
911 3789 1143 3873 §viiiva
1170 3793 1360 3875 tqolasti
1375 3792 1537 3872 sunt]
1578 3794 1897 3868 occupatio.
1928 3793 2051 3867 Alii
2077 3792 2186 3857 fint
2218 3793 2330 3857 fine

301 3872 344 3912 2,
1228 3871 1252 3878 ““
2207 3881 2328 3929 net·
