2514 4438
340 296 474 375 152
574 277 862 352 PAur..
912 272 1295 349 Mafflu‘rrz
1329 259 2118 344 Couu‘nurxnws

334 394 638 465 adamasse,
677 410 739 453 ut
768 393 1023 453 libentius
1052 391 1333 459 dicerent,
1375 406 1531 467 neque
1560 385 1819 462 opinanti,
1860 403 2030 466 quam
2050 428 2069 456 ,
2105 403 2229 442 nm
2263 386 2384 463 op&

334 476 520 540 nant&
561 484 623 529 ut
653 471 918 544 exemplis
949 466 1282 540 intelligitur.
2322 505 2327 510 .

414 554 637 625 §Quanta
671 548 931 614 maxima}
974 546 1199 619 antiqua
1231 541 1445 599 locutio
1466 582 1482 608 ,
1519 550 1582 598 ut
1610 538 1678 599 de
1696 547 1918 600 oratore
1931 539 2023 598 lib.
2048 557 2092 598 r.
2128 546 2229 594 M.
2256 545 2381 595 Ca-

340 641 391 684 to
420 624 698 703 eloquentia
730 638 884 680 tanta
896 621 1010 694 fuit
1043 662 1061 688 ,
1114 631 1371 697 quantam
1403 615 1490 672 illa
1523 619 1742 691 impura
1771 632 1928 694 atque
1952 615 2043 671 illa
2073 629 2201 671 atas
2217 616 2384 686 firre

335 702 631 762 maximam
653 700 837 776 potuit.
913 697 1071 754 Dixit
1102 694 1271 751 etiam
1306 692 1490 751 Celsus
1525 734 1542 759 ,
1581 692 1758 751 bonus
1788 691 2067 754 latinitatis
2093 690 2323 748 audior
2360 708 2378 746 :

340 786 413 834 Ut
447 794 618 839 tumor
637 818 654 844 ,
691 788 920 852 quantus
949 769 1211 830 maximus
1240 765 1325 844 effi
1348 768 1507 844 potest
1524 809 1541 835 ‚
1567 766 1624 842 fi
1655 769 1895 841 ostendat.
1971 768 2047 826 Et
2077 766 2197 843 ipse
2220 766 2379 823 Bru-

340 862 428 911 tus
460 855 479 912 i
522 855 599 911 fra
676 870 707 909 e
747 894 761 906 .
795 867 882 907 20.
1830 889 1839 894 ,

423 873 518 992 seg
543 894 699 988 etic’zm
709 869 1024 1003 Ipruolentrr]
1060 920 1283 982 subaudi
1301 964 1320 991 ,
1348 920 1619 996 sentiendo.
1648 922 1829 996 potest
1859 922 2011 982 enim
2043 918 2257 995 aliquis
2274 917 2382 977 be-

344 1023 420 1066 ne
452 1005 648 1064 sentire
676 1045 694 1071 ‚
734 1018 839 1059 nec
867 1013 1058 1059 tamen
1088 998 1400 1076 prudenter.
1433 996 1588 1075 quod
1620 997 1904 1075 objectum
1939 998 2014 1058 est
2046 994 2375 1060 Cicer-onst

345 1080 501 1160 quasi
532 1119 568 1149 ‚-
589 1096 718 1136 cum
749 1079 806 1141 in
839 1095 1012 1151 remp.
1046 1078 1263 1153 optime
1298 1074 1465 1134 fuerit
1496 1075 1769 1135 animatus
1803 1118 1822 1146 ,
1861 1073 1916 1133 ei
1961 1085 2153 1133 tamen
2205 1072 2374 1130 male

350 1155 717 1221 consuluerit,
756 1154 885 1230 quia
915 1152 1082 1225 nimis
1116 1151 1311 1211 extulit
1346 1149 1742 1210 oet-avianum.

379 1275 382 1284 .
428 1240 542 1290 Tua
575 1232 821 1307 virtutes]
862 1230 918 1286 in
949 1225 1271 1288 Beffmonis
1301 1226 1441 1285 libro
1459 1267 1478 1294 ,
1516 1240 1613 1281 tua
1644 1225 2079 1294 virtutis‚video
2093 1222 2379 1299 scriptum

353 1307 496 1378 effe,
537 1309 596 1366 ὃ(
627 1306 890 1382 conjungi
925 1321 1054 1361 cum
1084 1304 1462 1379 sequentibus:
1502 1316 1562 1360 ut
1581 1302 1678 1372 fit,
1717 1320 1813 1361 tu
1829 1304 2045 1360 virtutis
2058 1321 2232 1358 unm
2264 1301 2403 1357 hoc.-

352 1386 542 1455 Mihi,
569 1395 642 1441 ut
676 1382 856 1441 dicam
891 1379 1047 1459 quod
1079 1380 1253 1439 sentio
1274 1386 1512 1456 ‚neque
1542 1378 1797 1454 scriptura
1812 1392 2008 1448 vetus,
2047 1396 2245 1454 neque
2263 1377 2376 1434 im-

352 1461 537 1539 preffis
568 1460 711 1518 libris
744 1469 961 1530 recepta
994 1458 1114 1515 satis
1144 1455 1420 1531 probatur.
1451 1465 1640 1514 vetere
1665 1456 1800 1533 quid
1829 1454 2165 1530 fignificetur
2185 1496 2203 1523 ‚
2247 1470 2374 1510 non

355 1536 544 1598 vide0.
579 1552 767 1594 recens
795 1535 1043 1610 ‘primum
1077 1550 1193 1590 non
1229 1542 1375 1590 caret
1403 1529 1707 1606 suspicione
1741 1532 1932 1590 mendi
1952 1574 1970 1600 ‚
2011 1528 2167 1608 quod
2185 1530 2262 1587 ab
2277 1546 2379 1587 an-

358 1614 404 1676 ti
450 1632 514 1670 ua
550 1610 843 1685 discrepat:
884 1607 1082 1672 deinde
1117 1609 1355 1666 occurrit
1390 1608 1580 1666 animo
1614 1607 1880 1685 quiddam
1912 1604 2133 1666 fortasse
2165 1606 2377 1680 proba-

359 1631 534 1746 billius.
566 1685 859 1762 periodum
895 1685 1044 1741 enim
1074 1683 1331 1744 libentius
1360 1683 1435 1741 ita
1466 1683 1891 1751 concluderem;
1935 1684 2067 1741 Alia
2095 1684 2279 1740 omnia
2299 1679 2378 1757 sio

360 1764 554 1826 adsunt
573 1805 589 1832 ,
628 1778 689 1827 ut
722 1782 836 1818 cum
855 1758 1065 1839 quotibet
1093 1759 1428 1838 antiquorum
1442 1780 1548 1817 com
1577 1762 1720 1818 arari
1741 1759 1937 1836 poffint.
1964 1767 2091 1816 Tua
2110 1760 2341 1816 virtutes
2356 1799 2376 1825 ‚

362 1840 613 1900 additum
649 1835 864 1898 fortasse
901 1836 1005 1904 est,
1044 1848 1141 1922 ut,
1219 1853 1441 1893 uaenam
1476 1854 1507 1894 e
1553 1849 1644 1894 ent
1675 1837 1947 1914 illa‚quae
1964 1852 2095 1894 curn
2113 1835 2375 1913 quolibet

363 1918 723 1994 antiquorum
757 1930 1063 1987 comparari
1096 1931 1171 1988 po
1250 1924 1311 1970 nt
1331 1956 1347 1982 ,
1389 1926 1774 1987 exponeretur.

444 2001 607 2052 Grato
634 1993 807 2048 animo
825 2032 842 2059 ‚
881 1989 1164 2066 liberalique
1190 1991 1467 2065 profeclum
1488 2031 1506 2057 ‚
1589 1988 1840 2047 Laudem
1880 2006 2009 2047 cum
2028 1989 2376 2065 turpitudine

372 2070 663 2141 conjungit
683 2110 700 2134 ,
739 2085 854 2142 quo
887 2065 951 2121 fit
980 2063 1328 2141 reprehensio
1362 2065 1536 2123 tolera
1575 2066 1731 2123 ilior:
1772 2064 1928 2142 quod
1957 2066 2169 2140 ingeffii
2201 2077 2377 2141 atque

366 2146 494 2203 artis
529 2143 617 2200 est.
694 2143 766 2199 Et
799 2143 856 2212 in
889 2141 1397 2208 cohortationibus,
1436 2153 1778 2216 praeceptum
1811 2142 2100 2199 Ciceronis
2137 2141 2210 2199 est
2240 2142 2301 2199 in
2320 2158 2376 2198 e-

367 2218 558 2296 pistola
591 2216 661 2282 ad
694 2209 1047 2281 Trebonium
1069 2258 1084 2283 ,
1125 2230 1185 2272 ut
1215 2215 1401 2274 laudes
1417 2233 1548 2275 eum
1569 2237 1773 2294 ,quem
1803 2219 2110 2276 cohortere.
2148 2216 2222 2275 fic
2238 2217 2378 2275 Bru·

365 2308 456 2354 tus
491 2295 827 2355 Ciceronem
861 2293 1103 2366 primum
1135 2292 1318 2350 laudat
1351 2302 1413 2353 ut
1444 2307 1661 2367 gratum
1696 2296 1755 2354 &
1782 2294 2062 2353 liberalem
2099 2336 2117 2362 ,
2169 2293 2380 2353 deinde

370 2370 725 2448 reprehendit
756 2381 818 2427 ut
851 2368 1032 2427 minus
1067 2380 1290 2427 cautum
1311 2411 1327 2435 ,
1365 2385 1471 2427 nec
1501 2368 1621 2428 satis
1650 2371 1708 2428 in
1741 2370 2040 2428 tribuendis
2066 2371 2375 2429 honoribus

375 2449 749 2508 moderatum.
784 2465 915 2506 nam
947 2464 1011 2503 ex
1048 2445 1335 2504 Ciceronis
1364 2444 1631 2505 sententia
1663 2447 1875 2505 senatus
1906 2447 1967 2504 ὃ(
1993 2445 2213 2505 lictores
2248 2489 2269 2514 ,
2320 2446 2383 2503 &t

377 2539 561 2589 cetera
594 2523 812 2600 imperii
845 2534 1170 2580 ornamenta
1191 2565 1209 2592 ,
1249 2539 1464 2585 nomen
1497 2524 1849 2598 propraetoris
1882 2564 1900 2591 ,
1939 2520 2270 2598 dignitatem
2305 2522 2381 2580 se·

374 2604 651 2666 natoriam
674 2644 691 2671 ‚
731 2600 1014 2658 sententiae
1046 2599 1312 2673 praetorio
1340 2599 1470 2657 loco
1503 2598 1752 2658 dicendae
1770 2598 2095 2675 potestatem
2113 2598 2381 2657 Odtavia-

377 2698 458 2738 no
488 2680 836 2737 decreverat:
880 2675 997 2749 post
1031 2674 1320 2732 victoriam
1353 2687 1542 2733 autem
1574 2675 1952 2733 Mutinensem
1981 2675 2382 2752 quinquaginta

341 2822 345 2831 p
378 2755 597 2814 dierum
629 2752 1063 2827 supplicatione&
1100 2749 1399 2825 Philippica
1430 2768 1483 2808 v.
1517 2752 1575 2809 &
1608 2769 1734 2809 x1v.
1768 2754 1826 2810 &
1856 2751 2194 2810 Plutarchus.

460 2830 735 2905 Exemplo,
771 2842 869 2882 aut
885 2824 1127 2904 prasidio]
1164 2841 1465 2902 utrumque
1496 2828 1725 2887 refertur
1754 2827 1824 2892 ad
1853 2825 1987 2885 illud
2020 2870 2036 2895 ,
2060 2826 2071 2833 “
2094 2828 2229 2884 male
2258 2825 2378 2902 cogi-

381 2905 646 2970 tantibus:
689 2914 748 2959 ut
777 2916 963 2960 tamen
984 2944 1001 2970 ‚
1041 2902 1172 2958 male
1198 2902 1524 2976 cogitantibus,
1543 2944 1562 2968 ‚
1597 2903 1855 2977 ambigue
1889 2901 2101 2962 dietum
2135 2902 2236 2970 fit,
2269 2904 2382 2961 hoc

381 2980 537 3039 sensu
569 3000 583 3038 :
623 2978 860 3053 Exemplo
894 3020 911 3045 ,
953 2978 1095 3035 male
1130 2979 1496 3051 cogitantibus
1525 2978 1587 3037 iis
1621 3022 1637 3047 ,
1675 2982 1773 3055 qui
1807 2996 1937 3037 cum
1967 2977 2082 3038 dari
2113 2979 2325 3055 aliquid
2352 2995 2383 3035 a

382 3056 608 3122 senatu,
651 3066 841 3111 contra
871 3071 1039 3128 quam
1070 3053 1277 3128 legibus
1309 3058 1368 3112 ὅς
1402 3072 1559 3113 more
1579 3056 1856 3130 majorum
1874 3055 2032 3113 liceat
2052 3100 2068 3125 ,
2086 3053 2383 3120 viderunt,

383 3129 608 3191 incendi
642 3129 799 3189 facile
830 3127 1048 3204 poffunt
1068 3172 1085 3197 ,
1122 3143 1185 3186 ut
1217 3129 1414 3191 eadem
1448 3132 1866 3207 concupiscant:
1909 3131 2387 3211 Prafidio,ei,qui

389 3208 604 3282 accepit
635 3225 665 3265 a
696 3206 884 3267 senatu
904 3249 920 3274 ,
961 3206 1102 3269 male
1138 3207 1419 3280 cogitanti.
1634 3216 1638 3221 '

467 3291 648 3360 Itaque
676 3282 821 3366 timeo
838 3284 969 3361 cm]
1009 3280 1184 3339 sensus
1217 3283 1308 3340 hic
1339 3282 1427 3340 est.
1465 3300 1594 3343 cum
1629 3284 1811 3345 vestris
1842 3282 2073 3342 decretis
2103 3283 2387 3341 honorem

429 3369 743 3435 ropraetoris
773 3370 964 3421 contra
996 3358 1141 3431 leges
1171 3358 1421 3416 habuerit
1437 3380 1456 3425 ;
1495 3376 1694 3419 vereor
1724 3378 1797 3421 ne
1828 3371 1985 3435 putet
2014 3360 2069 3418 se
2099 3359 2261 3418 altius
2297 3356 2388 3423 ad-

384 3378 650 3505 {cendifl'e
671 3477 686 3502 ,
727 3450 854 3495 cum
884 3432 956 3495 ad
980 3433 1082 3493 hos
1117 3434 1571 3495 extraordinarios
1602 3436 1843 3495 honores
1860 3434 2137 3495 adscendit
2157 3476 2175 3502 ‚
2214 3450 2386 3521 quam

341 3544 342 3547 κ
390 3512 456 3583 sit
486 3509 861 3577 adscensurus,
902 3507 941 3565 fi
971 3509 1097 3566 inde
1128 3507 1197 3567 ad
1231 3509 1573 3571 consulatum
1605 3511 1959 3576 adscenderit.
1990 3513 2109 3587 plus
2144 3508 2391 3575 emmest

390 3590 464 3655 eir
496 3589 716 3667 privato·
740 3586 870 3643 loco
901 3583 969 3643 ad
999 3587 1323 3661 praetorium
1356 3585 1681 3646 adscendere
1701 3631 1718 3658 ‚
1754 3607 1925 3666 quam
1956 3606 2024 3648 ex
2041 3588 2311 3664 praetorio
2326 3584 2393 3644 ad

393 3666 736 3722 consularem
755 3684 772 3729 3
815 3678 943 3721 cum
974 3661 1276 3734 praesertim
1310 3662 1580 3722 octavius
1611 3682 1820 3724 annum
1854 3676 2041 3739 ageret
2073 3681 2222 3733 iux,
2263 3678 2388 3720 cum

392 3750 697 3880 praetorum
724 3740 847 3814 jura
881 3734 1202 3795 consecutus
1237 3738 1327 3796 est.
1359 3740 1537 3799 timeo
1558 3782 1575 3808 ‚
1614 3741 1831 3818 inquit,
1871 3760 1943 3799 ne
1975 3740 2094 3816 plus
2123 3748 2284 3815 putet
2316 3735 2393 3797 es-

420 3831 488 3887 e.
524 3813 681 3899 quod
702 3814 824 3895 jam
851 3812 1051 3889 habet,
1089 3830 1262 3896 quain
1295 3815 1452 3901 quod
1478 3817 1796 3885 habendum
1826 3816 2020 3889 restam
2057 3816 2306 3895 ideoque
2336 3813 2393 3874 in

436 3951 452 3961 ,
1330 3928 1337 3939 ·
2260 3906 2392 3957 COR‘
