2514 4438
476 291 576 344 nt
621 266 730 365 Q
765 266 971 342 C21c.
1013 289 1144 346 nn
1191 263 1515 339 Ρετιτζ
1561 263 1967 340 CoNsUtI.
2126 224 2287 363 ,ξιξ

331 386 671 464 Renuncient]
713 384 918 443 faciant
935 426 953 452 ,
992 381 1274 442 declarent
1307 384 1601 441 renunciare
1630 382 1868 445 verbum
1904 380 1983 443 est
2011 381 2283 442 comitio-

255 477 422 530 mm;
463 462 756 538 proprium
787 463 904 538 ejus
924 503 942 529 ‚
981 461 1081 537 qui
1113 461 1349 521 comitia
1378 462 1662 531 habet‚&
1696 461 1946 538 qui,ant
2021 476 2281 534 uampo-

251 541 451 616 pulum
482 538 728 597 dimittat
757 560 777 605 ;
818 540 1049 615 quinam
1083 538 1259 596 creati
1287 538 1392 596 fint
1426 582 1444 608 ,
1480 538 1831 614 pronunciat.
1883 536 1970 595 M.
2067 537 2140 596 ul.
2172 554 2282 612 pro

256 617 506 674 Murena
540 635 556 674 τ
612 615 847 673 Comitiis
893 615 1191 674 centuriatis
1218 615 1466 689 consulem
1499 614 1816 690 renuntiavi.
1866 613 1928 672 &
1958 631 2062 689 pro
2094 613 2280 673 domo

250 692 347 751 sua
382 712 399 751 z
457 699 518 750 A
551 700 612 750 L.
661 691 837 768 Pisone
865 691 1057 768 consule
1079 705 1344 769 pretorem
1371 693 1675 752 renum.
1750 691 1949 760 Praeco
1995 692 2166 751 etiam
2201 711 2283 750 re·

258 768 504 830 nunciare
549 769 834 828 dicebatur
863 812 882 839 ‚
936 786 1069 828 cum
1099 769 1269 828 toties
1302 782 1550 829 creatum
1582 768 1832 846 aliquem
1860 767 2279 843 proclamabat.

255 847 482 921 quoties
529 844 858 921 fingularum
912 847 1288 905 centuriarum
1334 846 1586 923 suffragia
1613 856 1773 906 erant
1800 857 2109 905 numerata.
2188 844 2278 904 M.

252 920 410 980 Tun.
440 922 537 980 ult.
572 924 730 981 Verr.
773 930 854 980 Tu
882 943 1000 982 cum
1029 922 1142 999 effes
1158 936 1347 1001 pretor
1375 923 1707 981 renunciatus
1724 966 1742 993 ,
1780 940 1885 979 non
1915 921 2019 999 ipsa
2040 921 2281 1005 preconis

255 1018 374 1055 voce
400 999 654 1056 excitatus
681 1021 731 1058 es
749 1042 767 1068 ,
806 1001 897 1078 qui
931 1015 982 1058 te
1007 1001 1150 1057 toties
1166 998 1432 1075 seniorum
1451 1000 1822 1080 juniorumque
1836 997 2167 1057 censuritss'uo
2183 996 2278 1053 ho-

253 1093 373 1132 nore
412 1075 548 1148 affici
578 1077 964 1153 pronunciavit.
1040 1075 1351 1136 Dicebatur
1393 1074 1629 1137 demum
1677 1076 1918 1151 populus
1946 1073 2279 1135 renunciare

254 1150 503 1229 aliquem
525 1195 543 1221 ,
584 1154 676 1212 cui
704 1153 809 1214 suis
840 1153 1105 1227 suffragiis
1136 1153 1516 1227 magistratum
1548 1150 1854 1212 mandaffet
1897 1171 1911 1209 ε
1951 1162 2016 1212 ut
2041 1152 2157 1211 hoc
2184 1151 2278 1209 lo-

254 1244 327 1286 co
363 1270 381 1297 ‚
422 1230 484 1287 &
515 1248 566 1288 2.
595 1230 793 1307 Philip.
826 1229 898 1293 de
932 1229 1179 1289 comitiis
1208 1229 1540 1290 Dolabellae.
1618 1229 1803 1289 Prima
1826 1226 1984 1305 claffis
2014 1241 2277 1297 vocatur,

251 1321 604 1366 renunciatur.
1031 1359 1032 1362 ,

337 1390 460 1451 Suos
490 1386 721 1441 maxime
749 1384 1056 1461 neceffarios]
1095 1383 1153 1441 in
1185 1383 1394 1460 scriptis
1410 1425 1430 1454 ‚
1454 1385 1578 1461 suos
1597 1382 1703 1461 fibi
1730 1382 1964 1441 maxime
1977 1399 2088 1440 nece
2122 1380 2285 1449 arieg

255 1456 525 1527 habetur,
564 1460 722 1537 quod
748 1478 864 1519 non
899 1461 973 1519 est
1009 1462 1068 1519 in
1100 1460 1346 1521 excufis:
1372 1460 1459 1519 ¹de
1489 1478 1609 1539 quo
1626 1459 1985 1521 monendum
2000 1458 2057 1519 le
2153 1474 2282 1520 rem

254 1533 405 1592 duxi.
485 1535 540 1593 Si
585 1536 776 1595 uidem
808 1555 926 1595 non
957 1537 1301 1612 ineleganter
1326 1535 1542 1597 dietum
1572 1536 1752 1598 videri
1782 1536 1964 1615 poffit.

336 1554 592 1688 Quare}
619 1614 991 1692 advigilamus]
1047 1613 1334 1672 conclufio
1377 1615 1542 1692 hujus
1574 1615 1742 1690 partis
1759 1640 1791 1684 ς,
1844 1630 1979 1673 cum
2012 1629 2122 1672 con
2162 1611 2283 1672 erie

259 1703 455 1750 earum
485 1706 669 1748 rerum
692 1733 710 1760 ,
749 1691 948 1768 quibus
978 1692 1197 1750 occurri
1225 1690 1392 1766 poffit
1421 1691 1705 1767 largitioni
1736 1733 1755 1761 ,
1793 1689 1837 1749 fi
1863 1701 2088 1750 tantum
2203 1688 2286 1749 dii

258 1763 520 1822 adhibeat
556 1806 575 1834 ,
626 1779 900 1844 quantum
935 1785 1020 1826 res
1051 1767 1331 1843 postulat3
1388 1768 1523 1831 hinc
1554 1768 1771 1826 amicos
1816 1766 2117 1826 excitando
2147 1807 2166 1835 ,
2218 1766 2285 1840 ὃς

262 1839 422 1899 suum
459 1841 664 1919 cuique
696 1862 903 1904 munus
932 1835 1308 1906 distribuendo
1328 1866 1347 1911 ;
1367 1844 1501 1904 inde
1535 1843 2003 1921 competitoribus
2016 1842 2286 1901 minitan-

258 1915 400 2050 dod
430 1918 491 1979 &
532 1936 733 1978 omnes
766 1961 786 1990 ,
838 1922 939 1998 qui
968 1922 1029 1980 in
1057 1921 1439 1997 largitionibus
1470 1939 1706 1997 operam
1738 1919 1998 1997 praestant
2028 1962 2052 1989 ,
2102 1917 2293 1990 deterf

258 2009 359 2051 ren
402 2010 457 2051 0.

333 2077 435 2127 Pro
467 2071 542 2128 rei
568 2071 841 2153 dignitate]
883 2074 1092 2133 Solon:
1131 2074 1292 2152 Quod
1308 2073 1612 2151 preclarum
1624 2074 1695 2147 est
1710 2115 1729 2143 ‚
1743 2086 1981 2130 accurate
2008 2073 2288 2148 agendum&

255 2145 393 2204 Erat
425 2160 618 2206 autem
651 2150 778 2208 haec
808 2170 894 2210 res
925 2153 1211 2222 maxima,
1250 2162 1316 2208 ut
1346 2151 1485 2209 dixit
1515 2152 1574 2210 in
1608 2169 1697 2227 ep.
1720 2148 1856 2209 1.ad
1872 2151 1997 2210 Att.
2034 2151 2284 2216 &mie-37⁶

255 2227 422 2306 ἱερέων
447 2229 560 2288 ὅυδῖ
587 2231 780 2302 βοείην,
840 2256 910 2297 ex
958 2236 1112 2301 lliad.
1151 2258 1236 2298 10.
1269 2239 1415 2298 Tale
1448 2239 1509 2298 &
1542 2236 1679 2297 illud
1712 2258 1728 2296 ε
1790 2246 1893 2296 Pro
1926 2235 2284 2312 magnitudine

254 2308 361 2376 rei,
401 2307 703 2367 celeritatem
732 2312 1013 2382 adhibens,
1052 2332 1139 2389 ep.
1177 2333 1265 2374 22.
1298 2315 1390 2372 lib.
1433 2334 1517 2372 10.
1552 2315 1685 2372 fam.
1764 2313 2019 2388 Ideoque
2048 2313 2173 2370 usus
2207 2311 2286 2371 est

255 2384 434 2441 verbo
467 2388 785 2458 compofito
818 2390 1169 2461 advigilamus
1187 2410 1205 2452 ;
1248 2391 1345 2445 ubi
1358 2389 1431 2442 ad
1461 2388 1628 2444 habet
1645 2388 1764 2445 vim
1782 2387 2099 2445 auctivam:
2142 2387 2287 2447 ficut

257 2458 500 2516 Terent.
530 2461 695 2517 Phor.
728 2459 833 2517 a&
868 2480 921 2529 1,
953 2462 1021 2523 sc,
1052 2479 1105 2532 4:
1150 2469 1318 2517 Tanto
1349 2461 1510 2534 magis
1539 2475 1589 2516 te
1618 2459 1904 2535 advigilare
1932 2480 2131 2535 equum
2162 2465 2249 2536 est.

339 2533 438 2590 Ad
456 2532 730 2610 summum
752 2535 988 2608 studium
1015 2536 1274 2593 benevolos
1301 2537 1615 2608 excitamus]
1659 2542 1723 2594 ut
1753 2537 1852 2614 qui
1883 2535 2044 2596 nobis
2060 2550 2286 2603 tantum

259 2609 406 2672 bene
439 2612 675 2679 volunt,
716 2612 1017 2671 incitentur
1042 2612 1120 2670 'ad
1147 2614 1432 2670 summum
1465 2611 1707 2672 studium
1737 2613 2127 2688 praestandum.

335 2687 639 2749 Hominibus
642 2687 878 2765 studiosis
898 2690 1227 2767 gratiosisque
1244 2688 1425 2768 nostri]
1466 2689 1688 2748 videtur
1718 2690 1776 2748 in
1810 2690 1895 2748 his
1928 2691 2109 2749 verbis
2138 2690 2286 2753 ordo

257 2762 520 2833 inversus.
597 2765 933 2841 Legendum
970 2767 1161 2843 itaque
1194 2764 1345 2824 reete
1381 2769 1607 2824 monuit
1636 2766 1853 2825 Paullus
1887 2767 2287 2841 Mannuccius‚
2360 2770 2367 2779 ‘

250 2838 488 2921 gratiosis
514 2841 845 2920 studiosisque
893 2843 1060 2916 nostri.
1138 2843 1277 2901 Non
1327 2842 1503 2919 enim*
1535 2842 1770 2902 dicimus
1810 2842 2063 2920 gratiosus
2093 2843 2246 2919 nostri
2264 2887 2287 2916 ,

258 2918 354 2976 sed
375 2918 629 2996 studiosus
659 2921 826 2992 nostri.
904 2919 994 2978 Sic
1026 2920 1197 2978 etiam
1230 2920 1564 2999 praepostere
1597 2918 1844 2995 pofitum
1878 2917 2038 2980 fuiffe
2071 2921 2285 2983 constat

257 2996 429 3071 consul
459 2997 518 3053 ὅ(
547 2995 744 3073 censor,
784 3013 871 3071 ep.
905 3013 993 3055 21.
1024 2996 1115 3055 lib.
1146 3013 1200 3073 9.
1234 2998 1369 3056 fam.
1740 3002 1743 3009 ‘

335 3079 499 3127 Suum
532 3073 706 3151 cuique
735 3092 928 3129 munus
942 3072 1309 3153 describimus]
1331 3074 1658 3149 aflignamus
1674 3117 1692 3144 ,
1734 3073 2064 3135 mandamus
2084 3117 2101 3143 ,
2182 3066 2286 3135 uid

302 3164 553 3225 nemque
586 3150 770 3208 facere
802 3150 1042 3208 velimus
1076 3150 1136 3208 ὃς
1164 3167 1356 3208 curare
1386 3151 1541 3227 supra
1558 3172 1575 3217 ;
1618 3160 1685 3208 Ut
1714 3150 2018 3288 defit-'istum
2049 3170 2110 3209 ac
2163 3154 2288 3231 ispe-

252 3163 422 3357 {tugn
441 3226 813 3358 'sitifimstcuique
841 3245 1034 3285 munus
1053 3225 1146 3302 sit.
1224 3227 1421 3287 Onera
1446 3228 1732 3305 ,descripta
1765 3245 1825 3287 m
1886 3227 1953 3289 tis
1985 3246 2000 3286 ε
2073 3246 2177 3305 pro
2212 3229 2285 3290 C.

321 3316 350 3356 a
391 3319 495 3357 mo
571 3319 609 3359 o
655 3346 667 3358 .

339 3377 393 3431 Si
424 3376 816 3453 competitoribus
830 3378 1027 3454 judicia
1054 3378 1399 3460 proponimus]
1437 3380 1495 3441 id
1526 3380 1603 3441 est
1619 3424 1637 3451 ,
1656 3400 1884 3457 poenam
1903 3380 2279 3456 judiciorum3

263 3452 325 3510 δί
357 3453 478 3510 fore
497 3496 513 3522 ,
556 3466 650 3524 ut,
689 3453 731 3513 fi
762 3469 957 3515 contra
989 3457 1137 3530 leges
1171 3456 1434 3532 petierint
1467 3499 1485 3528 ‚
1525 3460 1585 3517 in
1607 3458 1888 3536 judicium
1915 3476 1946 3517 a
1978 3459 2140 3518 nobis
2171 3475 2281 3516 vo-·

227 3580 230 3591 Α
265 3545 298 3587 c
335 3539 477 3587 ntur.

299 3547 397 3663 esi
426 3626 491 3663 ex
521 3606 848 3695 equestribus]
899 3607 1057 3668 locus
1106 3620 1396 3685 corruptus
1440 3609 1499 3669 in
1533 3611 1794 3670 omnibus
1823 3631 1842 3678 3
1898 3628 2070 3688 quem
2106 3609 2284 3671 miror

262 3698 385 3742 non
418 3683 733 3742 correnum
769 3681 927 3743 fulffe
957 3706 975 3750 ;
1035 3703 1165 3745 cum
1214 3687 1276 3744 ὅτ
1304 3686 1574 3746 mendum
1610 3688 1947 3763 cognoscere
1980 3688 2142 3748 facile
2177 3685 2278 3756 fit,

265 3774 372 3816 nec
404 3759 635 3819 difficilis
666 3762 957 3819 correctio.
997 3761 1088 3819 Est
1120 3762 1289 3839 igitur
1317 3762 1655 3838 legendum,
1686 3763 1740 3841 Ji
1756 3763 2102 3842 sequestribus.
2141 3764 2280 3823 Sunt

266 3836 423 3899 enim
441 3836 744 3918 'sequestres
762 3878 781 3909 ,
820 3835 967 3916 apud
1000 3854 1143 3918 quos
1176 3843 1418 3918 pecunia
1450 3839 1752 3918 deponitur
1784 3858 1815 3901 a
1836 3839 2131 3903 candidato
2148 3862 2167 3908 3
2210 3839 2282 3927 ab

2206 3926 2287 4003 Ψ
