2514 4438
311 223 453 316 27‘2
670 201 1153 289 Pansam
1204 207 1996 302 Coum-,numus

308 332 453 392 ravit
483 332 761 409 Quinetus
777 357 796 400 ,-
831 347 967 389 cum
1000 329 1171 398 dixit,
1211 331 1529 390 amicorum
1558 329 1849 390 nomenin
1867 329 2145 404 petitione
2159 316 2339 392 latius

308 421 537 486 patere,
573 426 744 484 quam
775 406 835 465 iri
866 413 1049 466 ccte'ra
1078 407 1210 464 vita.
1287 404 1633 481 Hujusmodi
1662 405 1931 465 amicitias
1965 405 2088 466 Cic.
2121 407 2234 483 ipse
2266 409 2337 468 in

309 504 401 563 ep.
433 485 522 543 lib.
556 485 723 559 primi
752 482 826 542 ad
855 483 975 541 Att.
1004 481 1293 558 ambitiosas
1307 481 1608 561 sucoshsque
1639 494 1825 540 vocat.
1903 483 2059 557 Quae
2093 483 2218 542 sunt
2270 487 2337 544 in

309 561 346 620 s
370 559 599 620 lendore
631 558 836 619 forenfi
869 557 1114 626 fructum
1148 556 1517 617 domesticum
1551 576 1667 617 non
1684 558 1904 617 habent.
1983 558 2168 634 Q'uod
2183 579 2334 619 vero

350 656 382 695 e
410 631 691 695 beneficiis
727 638 787 694 &
821 636 1080 693 facilitate
1115 634 1282 703 dicit,
1320 634 1519 711 quibus
1549 645 1942 709 comparantur
1973 634 2152 694 studia
2184 639 2336 695 ami-

310 729 511 771 corum
532 754 550 781 ,
588 710 790 788 scripfit
821 712 906 769 M.
940 710 1061 769 Cic.
1091 710 1180 768 lib.
1215 712 1266 768 2.
1303 709 1449 769 offic.
1500 709 1916 768 Benevolentiam
1946 710 2190 784 beneficiis
2224 714 2341 789 capi

308 788 540 846 maxime
557 831 575 857 ,
611 807 683 854 ,ω’
696 791 855 861 flama
874 829 891 855 ,
931 804 998 847 (9·
1029 787 1246 862 opinione
1278 806 1460 844 earum
1492 787 1758 845 virtutum
1778 830 1796 856 ,
1836 806 1942 865 qua
1964 787 2234 863 pertinent
2267 779 2343 847 ad

307 863 752 940 mansuetudinem
785 883 987 919 morum
1018 882 1078 919 ac
1097 861 1426 936 facilitatem.

384 950 553 998 Parta
581 940 667 1016 effi
697 941 909 1017 oportet]
951 937 1022 996 fic
1054 938 1212 997 infra.
1251 933 1584 1017 quamquain‘
1595 939 1766 1017 partis
1784 937 1861 1001 ’ω’
1877 938 2133 1013 fundatis
2148 941 2337 999 amici-

304 1016 390 1075 tiis
404 1017 611 1090 fictum
639 1036 698 1073 ac
728 1015 994 1073 munitum
1025 1011 1112 1092 effi
1141 1028 1344 1090 oportet.
1692 1073 1697 1078 ,

382 1093 564 1151 Latius
622 1093 757 1172 atet]
799 1091 978 1166 plures
1011 1090 1401 1166 complectitur
1418 1114 1435 1159 ;
1478 1090 1548 1150 ad
1578 1092 1760 1166 plures
1790 1091 1844 1149 se
1861 1087 2119 1151 effundit.
2158 1093 2253 1151 Sic
2269 1095 2331 1152 in

305 1187 361 1243 5²
388 1167 459 1226 de
487 1105 717 1227 finissus:
763 1166 913 1253 Nihil
941 1164 1010 1240 est
1041 1183 1155 1224 tam
1186 1167 1376 1242 illustre
1389 1187 1473 1225 nec
1492 1168 1626 1248 quod
1639 1168 1950 1246 lariuspatnt
1967 1210 1984 1238 ,
2027 1176 2194 1248 qu'am
2212 1187 2331 1226 com

295 1246 497 1322 junblio
526 1245 662 1302 inter
694 1245 916 1302 hommes
945 1243 1229 1302 bominum.
2204 1301 2213 1310 ,

379 1323 564 1396 Quam
582 1321 638 1377 in
652 1335 812 1378 cetera
830 1319 976 1398 vita]
1015 1318 1073 1377 in
1142 1335 1214 1378 ua
1244 1320 1363 1384 non
1399 1319 1475 1379 est
1506 1319 1675 1379 amici
1705 1318 1942 1379 nornine
1973 1319 2120 1379 ullus
2137 1323 2323 1397 appel-⁷·-

302 1396 495 1456 landus
515 1440 533 1466 ,
573 1396 673 1458 nifi
705 1397 868 1455 variis
898 1394 1083 1455 modis
1154 1415 1185 1454 e
1216 1415 1290 1456 eo
1321 1397 1630 1473 periculum
1662 1394 1727 1453 fit
1744 1393 1991 1454 fastum:
2033 1416 2105 1456 ex
2123 1416 2243 1474 quo
2261 1399 2325 1457 Πέ-

305 1471 404 1534 lud
431 1472 579 1549 apud
611 1473 772 1532 Arist.
805 1473 864 1530 in
898 1471 1139 1541 eodem,
1182 1471 1252 1531 de
1284 1473 1560 1532 moribus:
1605 1471 2151 1533 &M.Cic.inLae1.
2172 1478 2323 1532 Mul-

303 1563 380 1605 tos
407 1548 593 1606 modios
612 1549 742 1625 sa'lis
761 1545 923 1625 fimul
951 1547 1158 1605 edendos
1184 1549 1271 1625 effi
1287 1592 1305 1618 ,
1346 1562 1407 1608 ut
1424 1549 1691 1608 amicitiae
1708 1566 1911 1606 munus
1929 1550 2218 1625 expletum
2238 1551 2318 1610 fit.

302 1624 456 1684 Vide
485 1625 751 1702 quiddam
785 1624 960 1683 fimile
990 1625 1164 1682 infra:
1208 1634 1276 1681 In
1300 1626 1467 1682 ceteris
1496 1623 1756 1697 molestiis,
1774 1624 1925 1681 habet
1938 1625 2031 1681 boc
2050 1641 2321 1704 tamenpe⁴

306 1700 420 1758 titio
445 1703 726 1770 commodi,
763 1715 827 1765 ut
847 1698 989 1777 poffi's
1017 1699 1209 1773 honeste
1225 1743 1242 1768 ‚
1283 1702 1417 1787 quod
1445 1702 1503 1759 in
1533 1717 1692 1758 cetera
1710 1700 1827 1757 vita
1845 1721 1947 1758 non
1964 1717 2121 1781 queas
2138 1746 2158 1772 ,
2179 1703 2322 1784 quos⁴

304 1791 521 1855 cumque
552 1778 677 1835 velis
707 1776 975 1853 adjungere
1004 1776 1077 1833 ad
1106 1777 1405 1846 amicitiam.
1974 1837 1977 1841 ,
2104 1839 2112 1850 „

387 1853 633 1932 Quisquis
662 1855 730 1927 est
761 1853 895 1911 mim
914 1896 932 1922 ,
973 1852 1061 1932 qui
1090 1851 1315 1925 ostendat
1346 1853 1573 1941 aliquid]
1595 1869 1684 1928 ,ex
1714 1852 1874 1927 fighis
1907 1852 2322 1915 etiamleviori⁴

302 1924 404 1989 bus
436 1961 455 2002 ⁵
493 1932 613 1988 vult
643 1973 664 2000 ,
701 1944 763 1988 ut
797 1929 920 2006 quis
952 1931 1164 1988 amicus
1199 1928 1412 1987 dicatur
1447 1973 1464 2000 ,
1515 1931 1647 1989 hcet
1680 1948 1745 1987 ea
1775 1927 1903 1987 fleca
1937 1928 2047 1988 effe
2099 1933 2317 2007 poffint.

301 2007 701 2082 Quamobrem
733 2005 889 2064 illum
922 2006 1108 2081 pauno
1141 2005 1261 2080 post
1278 2007 1568 2075 monebit,
1587 2018 1648 2065 ut
1666 2007 1861 2064 caveat
1881 2024 1989 2073 ,ne
2005 2009 2174 2067 facile
2195 2028 2319 2068 om-

303 2083 464 2142 nibus
493 2083 696 2142 credat.
770 2083 854 2140 At
893 2100 966 2140 ue
991 2082 1311 2157 hujusmodi
1327 2084 1586 2142 homines
1605 2124 1623 2151 ‚
1661 2100 1804 2159 quos
1834 2079 1968 2159 dicit
2004 2102 2140 2143 eum
2172 2088 2319 2144 cole-

302 2175 403 2229 re5
442 2172 537 2218 aut
568 2159 809 2219 domum
837 2177 868 2217 a
935 2158 1089 2216 illum
1121 2160 1433 2228 ventitare,
1470 2160 1593 2217 sunt
1621 2159 1697 2229 ii,
1737 2175 1879 2238 quos
1899 2159 2104 2235 deinde
2121 2161 2314 2222 saluta⁴

300 2233 488 2309 keresi
527 2236 855 2295 deductores
873 2277 891 2303 ,
929 2233 1273 2294 affectatores
1299 2248 1482 2295 vocat.

381 2312 476 2369 Sed
483 2326 679 2377 ,mmm
711 2314 799 2393 qui
817 2313 950 2388 sunt
977 2311 1128 2368 amici
1156 2326 1221 2368 ex
1250 2310 1420 2387 caufflt
1449 2311 1744 2397 honestiore]
1802 2310 2092 2372 Paullatim
2123 2315 2177 2372 in
2213 2334 2316 2373 an-

302 2388 522 2463 gustum
556 2389 832 2449 contrahit
863 2387 1128 2448 amicitiae
1158 2386 1374 2462 gradus,
1449 2388 1604 2446 Nam
1638 2388 1807 2463 pruni
1837 2389 2046 2466 aliquid
2089 2401 2315 2453 tantum

300 2467 602 2526 voluntatis
636 2464 932 2525 ostendunt
947 2487 965 2532 3
1006 2463 1232 2523 secundi
1262 2470 1402 2522 vero·
1431 2464 1553 2522 sunt
1567 2462 1965 2523 neceffitudine
1986 2466 2151 2526 etiam
2171 2483 2317 2537 con*¹

292 2541 512 2617 juncti:
550 2545 720 2602 tertio
751 2543 881 2601 loco
911 2553 1199 2616 ponuntur
1233 2540 1521 2599 domestici
1553 2541 1614 2599 δε
1645 2540 1831 2598 vicini.
1868 2540 2067 2602 Primis
2092 2544 2214 2603 satis
2244 2545 2317 2604 est

304 2620 544 2678 tribuere
564 2662 581 2689 ,
619 2630 681 2677 ut
711 2619 1026 2678 amicorum
1056 2621 1299 2674 numero
1333 2616 1636 2676 habeantur
1655 2636 1670 2674 ι
1689 2616 1867 2674 alteris
1885 2618 2197 2679 curandum
2215 2663 2232 2690 ,
2258 2633 2318 2678 ut

291 2694 532 2770 jucundi
563 2695 760 2753 sunus:
801 2712 834 2752 a
860 2691 1034 2751 tertiis
1062 2691 1402 2768 petendum,
1446 2703 1507 2751 ut
1523 2709 1626 2751 nos
1641 2704 1833 2751 ament
1850 2733 1869 2762 ,
1909 2694 2199 2756 &honori
2214 2716 2318 2757 no-

301 2768 414 2829 stro
445 2774 692 2830 maxime
724 2772 967 2827 faveant.
1412 2832 1416 2837 θ

304 2906 310 2913 ,
381 2848 558 2903 Amici
584 2866 649 2904 ex
683 2842 850 2919 cauffa
879 2845 1168 2933 honestiore]
1208 2844 1455 2906 amicitia
1484 2844 1712 2905 societas
1743 2842 1819 2903 est
1849 2847 2115 2922 quaedam
2153 2850 2318 2910 Arist.

297 2921 389 2979 lib.
422 2940 477 2997 9.
514 2922 583 2978 de
616 2922 879 2979 moribus.
918 2920 1113 2997 Itaque
1146 2941 1205 2980 m
1233 2924 1397 2980 omni
1424 2921 1723 2991 societate,
1762 2924 2010 2983 amicitia
2026 2927 2214 3003 aliqua
2236 2946 2319 2985 re·¹

300 2997 526 3071 peritur.
559 2997 720 3055 Arist.
754 2997 843 3055 lib.
862 2997 914 3054 8.
953 2999 1038 3055 Ut
1070 2998 1237 3073 igitur
1271 2998 1442 3057 variae
1474 2999 1597 3056 sunt
1613 2998 1886 3057 societatis
1904 2997 2105 3059 cauffae
2122 3004 2319 3061 homi⁴

301 3082 442 3131 num
473 3073 617 3135 inter
644 3073 941 3143 homineS,
982 3073 1054 3132 fic
1089 3076 1261 3134 variae
1289 3074 1410 3133 sunt
1441 3075 1724 3133 amicitiae.
1803 3075 1956 3135 Nam
1992 3078 2054 3137 ὃς
2073 3096 2321 3154 compo-

299 3160 450 3207 tores
483 3150 544 3208 δε
576 3150 868 3210 collusores
900 3152 960 3209 δε
990 3165 1284 3210 venatores
1315 3153 1375 3208 &
1407 3150 1719 3226 philosophi
1750 3152 1894 3210 inter
1925 3151 1978 3210 se
2012 3172 2233 3214 amicos
2269 3156 2321 3214 se

300 3224 412 3283 effe
442 3226 709 3286 dictitant.
784 3227 915 3286 Alia
946 3228 1110 3302 igitur
1142 3228 1243 3286 alia
1275 3226 1590 3285 honestior:
1640 3229 1781 3286 bene
1816 3245 1950 3303 ergo
1987 3228 2128 3288 dixit
2158 3266 2177 3301 ,-
2213 3232 2323 3291 ho-

297 3302 536 3361 nestiore
568 3302 743 3363 cauffa
772 3305 985 3362 amicos
1012 3301 1120 3362 effe
1137 3345 1155 3372 ‚
1195 3304 1294 3382 qui
1309 3314 1536 3380 propter
1553 3305 1984 3379 cognationem,
2022 3324 2197 3383 quam
2219 3309 2321 3386 qui

300 3391 530 3454 propter
556 3380 946 3439 salutationem
978 3391 1213 3438 tantum.
2153 3450 2158 3454 .

381 3456 700 3535 Sodalitatis]
742 3455 1300 3516 Sodalitatis.nomen
1330 3453 1444 3514 hoc
1476 3455 1609 3514 loco
1638 3488 1662 3527 ,-
1701 3473 1819 3515 non
1853 3458 2319 3520 consuetudinem

303 3544 400 3591 aut
431 3533 756 3592 convictum
789 3530 1074 3609 quendam
1111 3533 1406 3608 voluptatis
1440 3530 1617 3591 cauffa
1646 3531 1913 3608 fignificat
1948 3576 1966 3602 ,
2005 3536 2103 3594 sed
2147 3535 2319 3594 colle-

302 3608 494 3682 gium:
535 3623 597 3667 ut
624 3608 1042 3682 Jutlsconsultus
1063 3652 1080 3679 ,
1121 3608 1192 3668 de
1225 3610 1468 3684 collegiis
1496 3609 1698 3671 illicitis
1728 3632 1748 3678 ;
1790 3610 1989 3669 Sodales
2006 3614 2141 3689 sunt
2177 3655 2197 3684 ,
2236 3611 2322 3669 in—

300 3684 426 3759 quit
459 3726 477 3753 ,
516 3685 607 3763 qui
636 3686 852 3763 ejusdem
881 3685 1059 3760 collegii
1078 3685 1226 3761 sunt.
1305 3686 1635 3747 Sodalitates
1664 3697 1857 3745 autem
1892 3689 1984 3747 hae
2015 3689 2319 3758 videntum

301 3759 394 3819 vel
419 3758 700 3827 sactorum
731 3764 825 3825 vel
854 3762 1082 3840 alicujus
1114 3762 1513 3839 negotiationis
1545 3758 1727 3833 cauffa
1754 3764 2068 3826 conffitutae
2108 3785 2121 3826 ε
2166 3777 2235 3844 ut
2259 3767 2318 3821 in

897 3890 901 3894 .
2218 3858 2307 3901 ea-
