2514 4438
285 244 438 324 ,230
683 241 1156 318 Pinum
1206 225 2017 313 Connus-utaris
2084 301 2097 308 -

375 362 583 421 Nedum
609 358 648 418 51·
662 402 680 428 ,
719 357 901 437 quibus
921 355 1090 432 saluti
1105 355 1295 493 fla'sti}
1323 355 1561 432 Argum.
1594 354 1740 415 ordo
1770 353 1994 431 petebat
2013 395 2033 423 ‚
2068 354 2360 426 indiae-⁴

294 451 381 500 ret
401 482 419 509 ,
457 436 667 497 nedum
701 446 764 492 tu
791 434 1007 511 sperare
1038 432 1219 518 poffis.
1299 431 1369 492 ed
1399 430 1471 491 ad
1505 432 1808 495 certiorem
1824 430 1997 509 'ejuss
2028 431 2125 492 eni
2145 431 2360 495 osten-

296 514 537 575 dendam
559 556 577 582 ,
615 511 844 571 invertit
862 528 926 571 ac
941 509 1118 577 dix1t;
1160 508 1374 568 nedum
1390 508 1690 578 homines,
1730 509 1829 586 qui
1845 518 1964 568 arte
2024 508 2363 570 eneficium

295 602 630 667 acceperunt
649 631 666 657 ‚
704 588 1014 663 intelligant
1033 629 1050 655 ,
1088 584 1245 662 quasi
1274 602 1397 661 rem
1436 585 1605 645 nimis
1638 599 1888 661 apertam
1914 584 2200 643 &claram
2225 627 2247 652 ‚
2292 586 2361 647 se

297 668 374 728 ita
407 667 508 724 tibi
541 665 745 725 debere
765 707 782 733 ,
822 676 886 721 ut
921 681 1038 722 non
1068 661 1270 737 poffint
1304 660 1418 719 fine
1448 661 1667 723 summa
1699 661 1932 722 infamia
1963 659 2307 724 tibidee'fl‘e.

381 742 584 819 auibus
603 741 771 818 saluti
790 739 969 819 fusti]
1024 737 1182 815 quod
1215 737 1292 796 est
1324 739 1590 797 omnium
1620 737 1963 798 beneficium
1991 738 2355 800 maximum·

306 819 374 880 Id
407 837 545 878 vero
574 815 877 877 caussarum
910 812 1321 876 defensionibus
1357 814 1683 874 consecutus
1717 826 1850 873 erat.
2300 853 2311 856 -

382 904 454 953 Et
484 895 799 969 intelligant]
855 885 953 950 etsi
983 890 1336 950 consentiunt
1365 890 1546 966 scripti
1577 908 1705 970 cum
1740 889 2007 968 impreffis
2040 933 2059 960 ‚
2099 890 2205 967 qui
2236 891 2355 952 ha·

301 972 438 1031 116111
468 989 536 1033 ω·
567 968 851 1042 intelligant
883 991 916 1035 3-
942 965 1188 1029 tollenda
1217 977 1411 1028 tamen
1444 962 1666 1027 videtur
1696 967 1790 1025 illa
1820 985 1892 1026 co
1935 967 2023 1045 ula
2052 977 2124 1056 ‘q
2152 986 2168 1024 z
2210 972 2358 1028 ver-

304 1049 444 1184 gunt
476 1058 666 1107 autem
702 1061 835 1103 cum
865 1042 1308 1121 praecedentibus
1340 1042 1835 1121 conjungendum:
1916 1061 1949 1102 6
1980 1060 2099 1124 quo
2116 1043 2219 1101 alii
2247 1045 2355 1122 ju-

358 1127 516 1183 'cent.
1502 1127 1507 1133 ’

387 1202 441 1258 si
470 1200 559 1258 hoc
592 1217 679 1259 tuo
714 1213 925 1276 tempore
956 1217 1058 1255 non
1077 1196 1444 1275 fittigftcerint]
1484 1193 1668 1273 scripti
1698 1196 1933 1274 amplius
1949 1194 2167 1257 habent
2188 1237 2206 1264 ‚
2248 1195 2354 1268 tibi

311 1297 416 1340 non
433 1277 807 1354 fhtisfecnint:
848 1271 1005 1362 quod
1031 1275 1228 1349 placet.
1596 1279 1600 1287 “
2013 1273 2019 1279 ’
2082 1277 2088 1285 “
2335 1277 2339 1282 ’

391 1362 449 1411 Se
470 1354 708 1431 probatos
740 1352 953 1430 nemtm']
993 1352 1124 1427 quia
1155 1351 1357 1427 ingrati
1384 1349 1745 1410 habebuntur.
1785 1349 2007 1412 Dixeris
2065 1366 2197 1406 orro
2215 1366 2352 1412 ma-

309 1427 512 1492 ledicta
545 1430 743 1489 cuncta
762 1471 778 1498 ,
821 1445 952 1487 cum
987 1428 1267 1503 ingratum
1300 1427 1598 1491 hominem
1617 1426 1835 1486 dixeris.
1863 1426 1998 1484 Pub.
2102 1426 2345 1500 imogra.

320 1517 324 1522 ’
392 1508 547 1582 Quod
578 1527 694 1565 cum
720 1506 797 1565 ita
818 1504 920 1583 fit]
979 1515 1044 1561 ut
1075 1522 1194 1568 non
1227 1503 1430 1580 poffint
1459 1502 1782 1580 hujusmodi
1810 1504 2075 1582 homines
2108 1502 2347 1564 honeste

312 1583 417 1644 tibi
447 1580 629 1642 deeffe
652 1625 670 1652 ‚
709 1594 900 1639 tamen
932 1622 950 1649 ‚
989 1579 1060 1640 ad
1090 1580 1412 1639 evitandam
1444 1580 1816 1656 arrogantiam
1849 1622 1865 1649 ,
1905 1578 2143 1655 rogandi
2176 1579 2339 1646 sunt;

315 1677 393 1720 116
427 1660 484 1717 111
517 1657 789 1718 mercedis
808 1699 827 1726 ,
866 1658 1052 1732 potius
1086 1675 1260 1734 quam
1290 1656 1549 1717 beneficii
1577 1658 1709 1715 loco
1729 1700 1748 1725 ,
1785 1656 1941 1733 quod
1978 1656 2122 1733 petis
2140 1657 2345 1714 nume?-

318 1752 441 1796 rare
469 1735 740 1793 videaris:
779 1744 843 1796 ut
877 1732 1012 1790 dicit
1040 1733 1161 1790 Cic.
1196 1752 1285 1808 ep.
1316 1733 1371 1789 6.
1402 1733 1493 1791 lib.
1527 1751 1578 1801 2..
1613 1735 1747 1791 fam.
2148 1797 2151 1800 ,

319 1886 361 1948 d
394 1811 525 1887 Pag.
557 1828 682 1872 222.
723 1818 790 1867 ln
819 1828 934 1868 eam
962 1809 1236 1886 opinionem
1268 1808 1576 1890 adducendi]
1616 1809 1677 1869 id
1708 1809 1783 1870 est
1815 1850 1834 1879 ,
1869 1809 1976 1870 illis
2008 1808 2340 1888 persuaden-

362 1906 478 1947 um.

330 1964 335 1970 '
404 1975 474 2021 Ut
504 1967 597 2046 qui
631 1966 766 2025 nobis
795 1964 965 2023 adhuc
993 1964 1221 2045 obligati]
1262 1962 1544 2028 beneficiis
1576 1964 1785 2038 nostris.

402 2044 475 2100 Iis
505 2042 714 2118 viciffim
748 2063 835 2100 nos
864 2040 1069 2116 obligari
1071 2055 1095 2120 J
1153 2053 1219 2100 ut
1250 2059 1370 2099 non
1398 2040 1578 2100 solum
1610 2042 1838 2105 relatam
1871 2039 2035 2100 nobis
2067 2041 2340 2116 gratiamf

322 2117 419 2177 fed
451 2120 604 2194 quast
637 2117 913 2178 beneficio
942 2129 1173 2194 accepto
1209 2161 1226 2187 ‚
1280 2135 1384 2176 nos
1415 2118 1480 2190 iis
1514 2117 1785 2251 oblidg'atos
1817 2118 1990 2176 etiam
2025 2130 2289 2192 putemus
2324 2117 2339 2174 Ξ

320 2203 389 2257 ut
421 2192 516 2253 fiat
586 2195 703 2253 uod
733 2195 810 2253 ait
841 2193 989 2253 Geta
1008 2195 1242 2255 Terent.
1282 2194 1428 2251 Adeo
1458 2214 1533 2251 ros
1563 2215 1614 2251 re
1659 2194 1712 2251 ‘it
1729 2237 1745 2264 ‚
1774 2193 1828 2272 fi
1852 2193 1965 2275 quis
1997 2194 2125 2276 quid
2137 2191 2339 2273 νςάάίιζζ

323 2277 516 2344 magna
583 2270 780 2329 abenda
810 2271 875 2343 est
902 2272 1096 2345 gratia.
2023 2287 2028 2295 ·

331 2354 336 2361 ’
402 2348 513 2422 Qi
545 2363 723 2405 autem
741 2346 790 2424 s
802 2367 828 2406 e
853 2349 1118 2427 tenentur]
1156 2344 1462 2407 secundum
1494 2344 1801 2409 hominum
1831 2364 2009 2424 genus
2039 2390 2058 2417 ,
2106 2347 2205 2423 qui
2234 2347 2336 2408 ali—

319 2424 464 2502 quid
494 2443 525 2482 a
558 2425 717 2483 nobis
771 2435 982 2499 perant.
1123 2424 1136 2429 ’
1508 2434 1511 2437 ·
1649 2469 1657 2478 .

407 2502 585 2558 Multo
612 2502 679 2574 est
709 2501 993 2576 diliguntius
1020 2516 1177 2579 atque
1204 2496 1483 2580 officiosius]
1537 2518 1710 2578 quam
1743 2500 1784 2558 ii
1814 2542 1832 2570 ‚
1871 2499 1972 2578 qui
2003 2511 2338 2582 acceperunt

325 2575 684 2649 beneficium.
723 2576 903 2636 Recte
935 2571 1078 2635 sane.
1115 2574 1276 2634 Dum
1312 2579 1464 2636 enim
1499 2576 1709 2654 aliquid
1737 2577 1971 2655 cupiunt
1998 2579 2338 2640 homines&

327 2653 663 2734 «expediant,
701 2653 839 2729 nihil
867 2670 985 2711 non
1000 2653 1338 2727 promittunt
1359 2694 1376 2720 ‚
1415 2653 1552 2726 nihil
1566 2671 1684 2712 non
1699 2653 1754 2726 se
1771 2651 2010 2714 facturos
2031 2657 2151 2732 ejus
2169 2652 2338 2714 causti

328 2727 665 2795 ostendunt3
704 2747 736 2787 a
767 2738 884 2805 quo
916 2726 1244 2802 expectant:
1287 2729 1380 2786 ubi
1412 2747 1552 2788 vero
1572 2773 1590 2799 ,
1669 2728 1788 2787 uod
1813 2742 2013 2806 optant
2050 2742 2073 2800 ⁴,
2111 2740 2339 2807 accepee'

331 2816 498 2874 runt,
536 2805 601 2863 fit
630 2802 763 2862 illud
782 2846 798 2873 ,
839 2802 996 2879 quod
1028 2805 1183 2861 aiunt
1212 2828 1232 2872 ;
1276 2802 1436 2865 simul
1464 2807 1525 2864 &
1555 2748 1840 2866 mi‘iertum
1874 2805 1951 2864 est
1982 2850 1999 2877 ,
2041 2810 2103 2867 &
2136 2808 2341 2867 interiit

328 2883 520 2966 gratia.
569 2876 737 2938 'Ideo
771 2880 890 2938 Cic.
921 2879 1012 2936 lib.
1046 2897 1096 2937 2.
1128 2878 1199 2937 de
1232 2893 1372 2939 orat.
1428 2882 1554 2942 Plus
1578 2882 1773 2958 proficit
1791 2922 1809 2949 ,
1837 2877 1892 2957 fi
1910 2886 2216 2962 proponitur
2236 2886 2341 2963 spos

323 2955 569 3015 utilitatis
584 2956 782 3027 sutura
799 2998 816 3024 ‚
857 2974 1017 3033 qnam
1036 2957 1279 3031 prateritt'
1309 2956 1520 3031 beneficii
1553 2960 1976 3015 commemoratio.
2199 2964 2205 2971 '
2336 2958 2342 2963 ’

339 3036 346 3043 ”
410 3032 476 3087 Iis
494 3033 588 3103 fac
604 3074 621 3101 ,
660 3040 732 3089 κε’
747 3031 1050 3108 propofi‘tum
1065 3051 1124 3088 ac
1130 3041 1384 3109 par'atum
1398 3034 1684 3113 auxilium]
1726 3048 1790 3090 ut
1807 3076 1824 3102 ‚
1905 3052 1979 3092 uo
2001 3036 2205 3096 certius
2221 3036 2339 3113 spe·-

326 3108 525 3189 rabum
544 3150 562 3177 ‚
602 3126 675 3171 eo
705 3108 1019 3183 'diligentius
1049 3109 1347 3168 laborent..
1395 3111 1535 3187 Duo
1568 3122 1758 3169 autem
1790 3114 1849 3170 in
1898 3130 1997 3179 *oc
2025 3116 2299 3190 proponit
2326 3108 2342 3184 ζ

322 3195 391 3269 ut
425 3184 738 3244 ostendatur
767 3185 1034 3244 auxilium
1067 3198 1319 3263 paratum
1340 3227 1357 3253 ‚
1398 3187 1457 3244 ὃ(
1488 3197 1550 3244 111
1581 3186 1854 3263 spectator
1871 3188 2205 3261 credatur&
2224 3193 2339 3267 exi-3

325 3261 578 3325 firmator
608 3262 725 3336 ejus
746 3304 762 3330 ,
803 3262 958 3338 quod
989 3262 1293 3336 praestitum
1324 3262 1507 3320 fuerit.
1616 3279 1622 3295 ·
2108 3314 2111 3315 ⁷

339 3345 343 3350 '
406 3338 515 3413 EJJ}
537 3338 812 3417 videatur]
850 3337 942 3395 hic
975 3338 1050 3396 est
1083 3356 1349 3399 numerus
1384 3380 1400 3407 ,
1438 3357 1557 3416 quo
1627 3341 1717 3399 uia
1751 3340 2075 3417 frequentet
2107 3343 2234 3403 usus
2269 3343 2341 3403 est

323 3413 386 3475 in
418 3413 660 3472 clausulis
690 3414 777 3471 M;
810 3414 929 3470 Cic.
961 3425 1185 3473 notatus
1216 3414 1293 3472 est
1323 3414 1392 3473 ab
1424 3417 1582 3475 obtre
1638 3418 1917 3487 1101111115.ι
1981 3418 2219 3479 Iteratur
2247 3423 2338 3480 in·

322 3488 404 3552 fra
427 3534 444 3559 ,
482 3503 545 3555 ut
578 3491 802 3572 fratrem
834 3489 1123 3548 Ciceronis
1149 3490 1424 3571 agnoscas.
1856 3506 1860 3510 ·
2330 3488 2341 3497 '

339 3568 340 3571 ’
397 3572 728 3641 spectatorem
748 3570 962 3642 suorum
993 3566 1292 3646 officiorum]
1334 3567 1406 3625 fic
1424 3568 1795 3629 incenduntur
1812 3570 2014 3631 milites
2034 3573 2089 3630 in
2111 3587 2293 3648 pugna
2312 3613 2333 3640 ,

321 3643 421 3714 qui
448 3643 557 3701 sese
587 3642 814 3716 spectari
847 3662 878 3701 a
912 3641 1052 3700 duce
1088 3650 1301 3718 putant.
1336 3644 1536 3702 Sallust.
1572 3646 1630 3703 in
1667 3645 1827 3703 Catil.
1892 3649 2119 3726 {Quisque
2148 3648 2341 3721 hostem¹

311 3716 461 3793 ferire
479 3760 494 3784 ,
534 3739 746 3791 murtam
781 3718 1035 3792 ascendere
1050 3760 1068 3787 ‚
1108 3719 1309 3795 conspici
1325 3762 1343 3786 ‚
1389 3721 1518 3777 dum
1552 3722 1654 3777 tale
1670 3723 1884 3794 facinus
1899 3727 2098 3796 fitccret
2115 3767 2133 3793 ,
2164 3726 2335 3801 propess

316 3790 487 3853 rabat.
564 3796 638 3855 Et
671 3796 905 3867 Livius,
946 3795 1034 3859 ub.
1068 3797 1159 3877 26:
1197 3796 1347 3872 Testis
1366 3796 1716 3878 spefftasorque
1749 3797 1967 3882 virtutis
1999 3815 2162 3881 atque
2193 3802 2339 3876 tgna<

469 3908 476 3913 ,
1262 3889 1278 3904 ⁴
1405 3890 1415 3910 t
1642 3902 1653 3914 .
1706 3884 1713 3890 ’
1850 3879 1862 3890 ’
2010 3879 2031 3891 ““
2054 3881 2060 3890 “
2083 3905 2090 3913 ,
2238 3876 2333 3937 via
