2514 4438
220 253 366 341 314
625 226 1088 301 1²11an
1136 219 1943 297 Conna-,uramus
2022 331 2025 336 ⁴

215 375 271 415 ς,
315 333 604 428 „zuph”
637 339 697 398 in
730 351 931 397 omnes
963 343 1144 410 partes
1173 332 1288 394 hoc
1317 334 1502 394 valere
1535 332 1721 393 docet.

291 428 357 487 ld
383 426 453 502 est
468 469 489 498 ,
527 438 590 483 ut
617 422 890 501 intelligas]
930 422 1074 481 inter
1114 421 1315 481 retatio
1346 463 1366 492 ,
1418 440 1529 501 qua
1565 422 1742 480 utitur
1772 420 1918 497 saepe
1948 415 2040 480 M.
2073 417 2249 480 Cice·

215 521 322 576 ro,
360 504 536 563 verbo
565 513 661 561 aut
688 497 958 564 sententia
985 516 1078 558 am
1119 499 1247 576 igua
1280 498 1428 578 prius
1460 496 1671 577 pofita:
1712 509 1775 556 ut
1809 515 1897 574 ep.
1938 514 2029 574 19.
2057 495 2149 554 lib.
2183 514 2242 572 5³
2278 565 2283 572 ι

217 583 279 641 &
310 598 395 657 ep.
432 597 478 638 1.
510 579 570 638 8<
598 578 691 638 lib.
723 594 778 654 9.
812 575 947 636 fam.
1024 575 1162 635 Hoc
1194 575 1361 652 igitur
1392 575 1528 635 dicit
1547 618 1565 644 ,
1605 575 1926 652 cognosco„
1964 585 2027 631 te
2057 573 2252 631 valere

217 656 579 735 eloquentia,
618 656 679 714 &
708 652 810 732 qui
841 651 1003 712 facile
1033 652 1195 728 poffis
1226 653 1286 711 in
1309 652 1592 731 Judicium
1624 652 1843 711 trahere
1871 668 1939 710 ac
1974 649 2255 710 damnare

218 732 627 871 {empetitores
658 742 787 791 tuos
820 771 842 801 ,
897 727 940 787 fi
970 729 1265 805 largitione
1297 729 1380 789 ufi
1409 730 1636 789 fuerint.
1712 731 1908 808 Quare
1937 727 2112 805 injice
2145 726 2260 787 iuis

261 827 372 869 unc
404 822 694 869 timorem.

301 895 511 944 Mecum
527 884 852 964 maximum]
891 881 1224 943 Mannuccii
1253 880 1394 940 liber
1425 879 1651 958 scriptus
1668 881 1898 940 maxime
1908 880 2081 941 habet
2098 901 2117 947 3
2134 879 2260 938 hoc
2286 901 2289 910 ·

221 958 621 1099 sensuakpoffe
653 978 787 1024 cum
816 959 934 1020 aliis
967 959 1139 1019 etiam
1171 1000 1191 1030 ,
1229 956 1327 1018 sed
1352 958 1816 1035 competitoribus
1845 960 2099 1019 maxime
2131 973 2262 1015 me·

222 1051 352 1100 tum
461 1056 598 1099 erre.
1036 1059 1042 1066 ·

305 1125 407 1176 Fac
437 1115 611 1196 itaque
641 1128 704 1173 ut
723 1113 782 1192 Jz
812 1112 900 1173 abs
933 1127 982 1172 te
1013 1111 1272 1192 custodiri]
1314 1110 1389 1170 fic
1420 1112 1577 1171 enim
1613 1109 1892 1172 cavebunt
1924 1150 1946 1180 ,
1981 1126 2060 1171 ne
2094 1126 2262 1170 com-

229 1193 492 1263 mittant,
531 1204 596 1251 ut
626 1191 867 1250 accusari
899 1189 1120 1267 poffint.

306 1276 450 1327 Cum
483 1268 793 1345 diligentiam
825 1269 1005 1347 tuam]
1043 1267 1103 1326 in
1133 1265 1499 1325 observando·

306 1351 444 1403 Tum
476 1344 840 1403 auclort'tatem
874 1344 1084 1423 vimque
1113 1342 1334 1422 dicendi]
1375 1345 1431 1402 in
1467 1338 1791 1401 accusanda

305 1430 444 1479 Tum
460 1424 679 1500 proficio
705 1419 939 1500 equestris
967 1419 1153 1476 ordinis
1184 1439 1298 1494 erga
1330 1435 1377 1476 te
1382 1419 1646 1497 studium]
1686 1414 2084 1494 injudicando.
2124 1431 2262 1476 nam

228 1510 340 1559 tres
373 1515 447 1559 eo
479 1510 740 1574 tempore
775 1494 1010 1576 ordines·
1021 1496 1382 1573 judicabant3
1422 1496 1698 1556 senatores
1717 1536 1736 1564 ,
1774 1494 1992 1573 equites
2012 1493 2263 1565 ,tribuni

236 1576 435 1637 aerarii.
473 1575 682 1634 Ascon.

309 1659 452 1729 Erga
483 1668 532 1709 te
551 1650 814 1729 studium]
856 1649 927 1708 de
961 1666 1080 1727 quo
1110 1647 1301 1724 supra,
1341 1648 1399 1707 in
1429 1648 1721 1725 principio,

316 1735 501 1808 Atque
533 1726 628 1784 hac
656 1728 734 1785 ita
755 1742 803 1784 te
820 1727 960 1806 volo]
1003 1725 1073 1784 de
1104 1724 1319 1796 modo,
1360 1743 1478 1803 quo
1510 1725 1789 1802 agendum
1823 1723 1923 1785 fit:
1963 1739 2102 1784 nam
2122 1721 2270 1783 sum·

240 1821 335 1866 ma
364 1803 658 1882 prudentia
690 1821 833 1880 opus
862 1803 952 1862 est.

320 1890 389 1941 Ut
422 1881 628 1939 videare
656 1878 949 1957 occasionem
983 1899 1086 1939 non
1100 1879 1365 1958 meditari]
1407 1880 1587 1957 placet
1614 1877 1772 1957 quod
1803 1878 1858 1937 in
1890 1876 2184 1937 nonnullis
2197 1876 2275 1936 le„
2322 1892 2329 1900 ·

239 1958 424 2035 gitur,
463 1976 566 2015 non
599 1971 660 2013 ut
694 1958 900 2014 videare
928 1956 1292 2033 accusationem
1322 1957 1577 2014 meditari.
1654 1956 1804 2014 Nam
1838 1952 1909 2012 fic
1939 1955 2275 2031 loquiturin

241 2046 385 2095 orat.
431 2050 536 2110 pro
584 2033 848 2093 Murena.
927 2034 1246 2112 Simulatque
1296 2033 1600 2091 candidatus
1630 2031 1998 2109 accusationem
2030 2029 2281 2088 meditari

244 2109 389 2186 visus
417 2112 485 2182 est
502 2151 519 2178 ,
558 2107 797 2166 honorem
831 2108 1039 2166 videtur
1069 2110 1340 2186 desperaffe.
1418 2109 1639 2185 Quibus
1673 2108 1850 2166 verbis
1865 2107 2023 2166 locus
2040 2107 2139 2165 hic
2157 2109 2278 2194 pul-

247 2186 379 2247 chre
411 2187 471 2243 &
505 2185 836 2242 emendatur
870 2187 930 2241 ὅ(
962 2184 1268 2243 declaratur
1299 2227 1315 2254 ,
1355 2183 1567 2244 subdita
1599 2181 1777 2245 cauffa
1809 2226 1827 2253 ,
1882 2200 1981 2243 cur
2014 2182 2283 2245 meditari

247 2262 661 2324 accusationem
695 2276 770 2319 eo
800 2271 1061 2335 tempore
1091 2277 1209 2317 non
1241 2260 1457 2320 debeat.
1533 2262 1628 2319 De
1658 2280 1770 2348 qua
1802 2262 2009 2320 iterum
2031 2302 2049 2329 ,
2088 2262 2143 2318 in
2181 2279 2281 2319 ea·-

250 2337 386 2400 dem
421 2336 711 2398 oratione:
758 2345 880 2393 Non
904 2336 1067 2412 placet
1101 2334 1229 2392 mihi
1259 2328 1525 2416 inquisitid
1548 2339 1846 2407 candidati,
1879 2336 2163 2414 prenuncia
2197 2356 2281 2393 re-

242 2414 412 2496 pulse.
489 2414 600 2473 Pro
630 2413 870 2472 meditari
898 2413 1264 2489 accusationem
1282 2455 1300 2482 ,
1339 2415 1547 2490 cogitare
1578 2415 1748 2473 etiam
1769 2414 1903 2473 dicit
1932 2415 1990 2472 in
2021 2410 2242 2472 eadem.

250 2567 297 2629 st
330 2501 436 2551 Hoc
466 2490 628 2569 ipsum
660 2491 793 2569 quod
824 2489 932 2565 agis
962 2488 1284 2569 consequare]
1325 2504 1389 2548 ut
1423 2509 1521 2549 eos
1554 2502 1777 2550 tantum
1809 2508 1842 2550 a
1868 2490 2165 2566 largitione
2182 2490 2284 2549 ab·

299 2586 492 2629 erreas.

335 2645 595 2724 Etplane]
633 2654 946 2706 extremum
979 2655 1329 2720 praeceptutn
1350 2684 1368 2713 ,
1406 2642 1577 2723 idque
1595 2644 1844 2704 maxime
1857 2644 2137 2720 generale.
2154 2643 2286 2702 Pla-

257 2739 320 2780 ne
351 2736 542 2782 autem
572 2739 690 2781 non
723 2735 891 2798 aperte
925 2717 1187 2796 fignificat
1219 2744 1237 2789 ;
1280 2721 1371 2779 sed
1394 2722 1597 2798 prorsus
1631 2765 1649 2792 ,
1689 2736 1955 2799 quantum
1969 2721 2132 2799 potest
2163 2741 2179 2780 :
2220 2730 2287 2779 ut

258 2798 322 2857 in
354 2800 495 2858 libro
529 2798 599 2856 de
634 2797 786 2857 claris
820 2799 1132 2856 oratoribus
1150 2838 1167 2864 ,
1208 2800 1426 2871 Perfiele
1450 2800 1696 2877 planeque
1725 2798 1970 2856 eruditus.

339 2874 600 2933 Contende
633 2872 865 2943 omnibus
896 2874 1068 2931 nervis
1097 2892 1157 2928 ac
1173 2874 1549 2953 facultatibus]
1590 2875 1852 2934 omnibus
1881 2872 2087 2933 viribus
2108 2873 2289 2932 enite—

261 2966 341 3010 re.
420 2949 769 3019 TranssatiO,
810 2966 920 3027 qua
951 2951 1108 3026 supra
1141 2953 1311 3010 etiam
1342 2951 1468 3010 usus
1500 2952 1574 3010 est
1605 2994 1625 3022 ,
1667 2968 1797 3012 cum
1831 2948 1972 3011 dizit
2009 2993 2028 3021 ,
2062 2949 2293 3009 homines

249 3022 354 3109 'qut‘
372 3026 485 3106 fine
517 3028 691 3084 nervis
710 3025 841 3103 fint.

346 3112 432 3162 Ac
448 3103 819 3183 facultatibus]
860 3102 976 3162 hoc
1003 3102 1179 3163 verbo
1211 3104 1442 3181 proprio
1475 3104 1773 3165 declaravit
1787 3103 2107 3164 transsatum
2127 3103 2183 3162 in
2200 3114 2297 3180 ‘ep-

267 3181 405 3241 fam.
430 3181 529 3315 gib.
565 3199 653 3248 103
712 3187 826 3238 Cur
856 3200 957 3238 non
986 3181 1217 3239 omnibus
1232 3182 1581 3255 facultatibus
1612 3226 1629 3253 ,
1669 3202 1800 3263 quas
1828 3180 2072 3241 habemus
2109 3221 2129 3250 ,
2169 3196 2300 3238 uta-

268 3276 395 3317 mur

351 3334 496 3393 Video
525 3333 611 3410 effi
628 3331 773 3396 nulla
788 3335 1017 3413 comitia]
1059 3333 1365 3411 plurimum
1395 3330 1627 3412 quidem
1661 3336 1810 3397 valet
1839 3336 1899 3396 in
1929 3333 2177 3394 comitiis
2191 3334 2301 3393 lar-

274 3410 417 3500 gitio
455 3452 473 3481 ,
512 3410 603 3470 sed
633 3409 805 3468 video
839 3422 1031 3469 tamen
1061 3412 1271 3487 aliquas
1302 3416 1518 3487 iemper
1555 3411 1664 3472 effe
1695 3413 1964 3474 centurias
2001 3453 2019 3480 ,
2118 3428 2211 3470 uae
2241 3410 2300 3470 se

275 3501 514 3623 ἓξὲξ-3ης
546 3485 800 3557 servent,
839 3486 898 3545 &
930 3487 1035 3546 suis
1068 3488 1296 3556 amicis,
1334 3487 1447 3547 sme
1465 3490 1571 3550 ulla
1601 3492 1693 3567 spe
1720 3487 2058 3568 largitionis,
2118 3496 2294 3567 ponte

383 3583 438 3623 ra
477 3576 654 3622 entur.

352 3580 577 3697 eagina
608 3640 885 3725 inquinata
919 3640 1205 3729 largitione]
1251 3653 1508 3718 corrupta
1566 3642 1822 3719 Largitio
1840 3641 2071 3703 enimin
2087 3640 2299 3705 malam

277 3728 494 3795 partem
526 3729 739 3791 capltur
769 3730 830 3774 ut
861 3717 1147 3778 liberalitas
1185 3737 1240 3777 m
1276 3720 1484 3778 bonam
1510 3748 1529 3789 3
1572 3720 1660 3778 lib.
1696 3738 1746 3778 2.
1778 3719 1848 3778 de
1880 3730 2123 3780 oratore.

359 3792 566 3871 Gratis]
605 3792 718 3851 sme
751 3793 1029 3852 mercede.
1070 3794 1240 3858 Unde
1275 3797 1507 3857 comitia
1538 3796 1864 3873 &suffragia
1880 3797 2114 3875 gratuita
2131 3790 2163 3867 ,²
2169 3809 2307 3876 quae

283 3868 398 3931 fine
427 3867 538 3929 ulla
566 3866 828 3932 mercede
872 3870 1158 3937 habentur.
2212 3879 2315 3945 lte-0
