2514 4438
349 211 498 307 282
595 212 890 286 Prior..
937 207 1326 286 ΜΑΝυτ.
1369 205 2169 287 ΟοκΜΕκτΛιιιυς
2232 279 2259 286 -.

428 339 562 391 Bene
589 350 664 388 res
685 330 847 408 gesta]
887 327 958 389 ad
988 328 1294 399 Mutinam.
1553 371 1563 382 .
1804 353 1809 358 ¹

430 409 691 465 Meliorem
720 419 872 481 remp.
906 405 994 482 effi
1007 406 1304 479 faciendam
1312 404 1386 493 ²³]
1426 400 1502 464 fic
1529 401 1602 464 ad
1632 403 1875 466 Caffium
1894 448 1914 476 ,
1953 422 2042 484 ep.
2073 426 2131 466 x.
2160 405 2259 466 ΠΙ).
2306 411 2397 467 122

354 483 456 544 Te
484 484 542 541 in
578 482 794 542 Italiam
827 482 1023 542 venire
1052 499 1184 542 cum
1203 492 1486 541 exercltu:
1526 492 1592 546 ut
1609 523 1629 551 ,
1668 481 1707 539 fi
1725 483 1849 541 haec
1865 502 1936 541 ex
1952 484 2226 543 sententia
2246 501 2397 542 con·

356 557 502 618 fecta
533 558 706 618 effent
722 601 741 626 ,
780 558 1012 617 consilio
1045 601 1065 628 ,
1103 572 1273 635 atque
1304 556 1635 617 auctoritate
1665 569 1763 616 tua
1794 600 1813 627 ,
1851 559 1929 618 fin
1963 560 2101 637 quid
2132 562 2289 619 forte
2322 561 2395 618 υἱ*

358 635 615 696 tubatum
648 632 781 693 esset
799 677 816 703 ‚
857 648 919 692 ut
949 634 1012 693 fit
1043 636 1102 695 in
1135 636 1281 694 bello
1300 677 1319 702 ,
1357 636 1605 693 exercitu
1638 644 1741 692 tuo
1773 635 2098 695 niteremur.

438 711 492 776 si
524 711 648 790 qnid
678 710 916 787 offensum
935 707 1087 790 fit‚]
1127 709 1171 770 fi
1197 710 1411 771 adversi
1442 709 1581 788 quid
1610 711 1862 770 evenerit
1880 732 1914 771 ε·
1936 713 2093 793 quod
2124 711 2267 773 dixit
2303 730 2397 788 ep.

359 786 417 864 6.
449 786 521 847 ad
552 787 833 855 Caffium,
875 787 967 846 lib.
995 805 1122 846 x11.
2090 822 2095 828 -

809 951 1932 1035 EXPLANATIO

618 1133 688 1207 E
782 1132 844 1205 P
942 1135 979 1208 Ι
1074 1135 1123 1209 S
1221 1125 1297 1210 T
1390 1132 1470 1209 Ο
1570 1133 1645 1209 L
1737 1133 1842 1211 AE
1991 1135 2138 1212 II.

465 1309 707 1388 Nullis
742 1309 1153 1386 consulibus.

369 1482 498 1560 Pag.
536 1505 654 1562 154.
698 1486 957 1621 Pffinci]
998 1485 1070 1617 ξ.
1101 1486 1350 1547 Munatii
1380 1485 1604 1556 Planci,
1642 1485 1713 1547 ad
1741 1477 1915 1565 quem
1948 1484 2154 1563 scripfit
2184 1486 2380 1546 Cicero

370 1579 378 1586 ·
807 1581 823 1620 1
865 1607 877 1620 .
911 1577 962 1620 x.
1022 1579 1130 1618 am.

370 1725 398 1776 t
449 1640 712 1725 Egregium
730 1640 792 1718 ‚]
830 1649 892 1696 ut
919 1638 1111 1696 litteris
1146 1636 1501 1697 ostendebat:
1542 1658 1673 1699 nam
1704 1639 1893 1716 postea
1923 1629 2234 1699 defecit‘ad
2261 1639 2378 1698 An*

402 1733 618 1774 onium.

453 1792 760 1872 Legiones,]
799 1801 1086 1850 veteranas
1113 1801 1259 1860 tres,
1296 1791 1549 1851 tironum
1582 1811 1772 1854 unam.
1789 1812 1875 1871 ep.
1892 1810 2059 1852 xxxv.
2072 1791 2168 1852 lib.
2186 1783 2241 1852 xl
2248 1794 2376 1852 fam.

452 1870 757 1948 Auxilia,]
800 1869 1107 1927 Gallorum.
1472 1919 1481 1929 .

261 2013 270 2021 ‚
369 1945 384 1960 ‘
422 1947 635 2080 ‚Copilas
651 1988 673 2032 ².
685 1947 712 2025 ]
752 1944 1024 2022 quidquid
1055 1945 1222 2004 habet
1259 1944 1546 2022 copiarum
1563 1989 1582 2017 ,
1622 1945 1697 2004 fic
1728 1963 1812 2022 ep.
1846 1943 2271 2013 6.Exereitum,
2287 1960 2373 2002 co·

418 2040 493 2080 ias
512 2066 528 2090 ,
588 2042 619 2080 e
659 2040 831 2080 1ones.
1213 2041 1218 2050 ·

376 2036 415 2098 P
458 2106 525 2154 Le
555 2039 655 2176 idi?
689 2100 773 2154 M.
807 2096 1028 2155 AEmilii
1057 2097 1295 2174 Lepidi:
1336 2097 1407 2155 de
1437 2115 1554 2175 quo
1585 2098 1834 2175 Vellejus
1863 2098 1990 2158 haec
2016 2096 2111 2157 lib.
2144 2113 2195 2154 2.
2224 2093 2376 2171 Lepi·

371 2169 481 2231 'dus
511 2111 771 2259 ssontifex
803 2173 958 2232 Max.
991 2171 1048 2231 in
1078 2173 1269 2233 locum
1305 2173 1532 2234 Caesaris
1567 2176 1719 2235 furto
1752 2186 2002 2246 creatu3‚
2041 2172 2259 2235 decreta
2289 2171 2372 2232 fibi

379 2249 650 2324 Hispania
671 2291 687 2318 ,
726 2249 907 2308 adhuc
942 2250 999 2307 in
1035 2250 1211 2310 Gallia
1244 2250 1581 2321 morabatur.

305 2338 322 2350 ²
460 2328 557 2383 Tui
587 2326 829 2403 neceffizrii
847 2331 909 2404 ‚]
948 2327 1033 2383 M.
1069 2326 1224 2385 Bruti
1251 2326 1500 2386 sororem
1530 2330 1588 2386 in
1620 2328 1988 2387 matrimonio
2016 2326 2265 2386 habebat.

460 2404 741 2461 Secundum
759 2406 989 2474 fratrem
1010 2405 1069 2481 ,]
1147 2404 1228 2462 ost
1261 2404 1503 2465 fratrem.
1534 2404 1609 2463 fic
1637 2404 1708 2464 ad
1738 2406 2032 2463 Atticum:
2074 2401 2370 2462 Secundum

380 2492 442 2551 te
474 2481 612 2558 nihil
644 2480 784 2539 mihi
818 2480 892 2538 est
925 2480 1086 2537 soiitu
1125 2481 1217 2537 ine
1248 2482 1498 2539 amicius.
1576 2480 1779 2558 Lepidi
1814 2482 1979 2540 frater
2011 2477 2373 2538 fuit-1„.Pau1⁴

371 2555 465 2616 'lus
488 2600 504 2627 ,
543 2557 640 2635 qui
671 2556 1016 2616 consulatum
1049 2570 1175 2614 cum
1211 2557 1278 2612 C.
1310 2558 1580 2615 Marcello
1612 2555 1856 2633 gefferat.
1888 2573 2027 2616 mox
2059 2575 2093 2614 a
2128 2557 2286 2614 fi‘atre
2313 2550 2369 2611 ad

367 2636 588 2693 'necem
619 2634 845 2693 traditus
865 2675 882 2703 ,
920 2632 1185 2690 societate
1212 2650 1244 2689 a
1279 2633 1580 2693 triumviris
1609 2634 1907 2709 perdendae
1923 2635 2060 2708 reip.
2090 2630 2369 2691 faetaffllu·

384 2711 603 2769 tarchus
637 2710 692 2768 in
727 2710 1004 2768 Antonio.

466 2772 691 2864 Affines]
730 2799 822 2855 te,
862 2787 922 2844 ὃς
954 2784 1019 2843 C.
1055 2782 1316 2842 Caffium.
1353 2780 1511 2845 Bruti
1539 2786 1691 2845 enirn
1723 2785 1933 2844 sorores
1950 2784 2081 2844 duae
2097 2784 2262 2843 altera
2279 2782 2370 2839 Le·
2471 2784 2474 2799 ⁴

369 2862 523 2939 ‘pido
546 2905 563 2933 ,
604 2863 770 2920 altera
802 2861 983 2920 Caffio
1014 2862 1283 2936 nupserat.

371 2998 382 3005 ,
468 2941 756 2995 Levitatem
776 2981 793 3006 ,
834 2957 899 2999 <9-
928 2938 1318 3009 inconstantiam
1337 2980 1354 3006 ,
1392 2937 1613 3013 prodita
1644 2955 1758 3014 rep.
1787 2937 1858 2997 ad
1872 2939 2195 3014 Antonium
2228 2931 2373 2994 desci-

369 3027 561 3074 ·verat.
594 3015 748 3092 quod
783 3015 990 3073 fastum
1025 3016 1280 3073 excusare
1303 3015 1414 3089 ipse
1447 3029 1679 3074 conatur
1712 3033 1797 3149 εξ.
1831 3016 2026 3073 ultima
2054 3016 2145 3073 lib.
2177 3035 2229 3071 x.
2261 3014 2375 3069 farn.

365 3090 524 3168 ‘Ejus
547 3088 815 3150 “videlicet
846 3091 1132 3166 ingenium
1202 3091 1337 3149 robe
1369 3101 1606 3151 noverat
1636 3092 1711 3148 D.
1790 3104 1974 3159 tutus»,
2015 3092 2116 3168 qui
2149 3107 2279 3150 eum
2295 3102 2374 3162 ap·
2470 3092 2471 3105 ¹

388 3168 615 3246 pellavit
644 3169 939 3228 hominem
969 3181 1142 3225 vento
1168 3168 1409 3226 1ffimum
1428 3210 1445 3235 ,
1486 3187 1573 3243 ep.
1590 3187 1645 3245 9.
1678 3168 1770 3227 lib.
1797 3187 1887 3228 xx.
1919 3170 2058 3228 fam.

466 3246 780 3321 Expediendo
796 3248 856 3331 ‚J
897 3243 1185 3302 obfidione
1214 3244 1518 3302 liberando

465 3323 702 3402 Se'rvilio]
743 3339 842 3397 qux
873 3321 1061 3378 consul
1091 3320 1271 3379 fuerat
1297 3336 1429 3379 cum
1462 3321 1532 3379 C.
1564 3320 1802 3382 Caesare.

469 3398 726 3478 Nobilem]
765 3397 922 3471 gestis
951 3397 1274 3456 honoribus.
2331 3443 2340 3453 .
2466 3424 2467 3461 ς

311 3514 316 3521 «
470 3478 739 3534 Neminem
770 3473 979 3532 liberum
1009 3472 1233 3553 duceret]
1274 3490 1473 3534 omnes
1503 3516 1521 3544 ,
1558 3482 1829 3554 tanquam
1859 3476 2045 3536 servos
2080 3519 2099 3546 ,
2136 3485 2375 3537 contem·

367 3566 568 3614 'neret

365 3642 372 3647 ·
472 3642 537 3689 In
569 3629 746 3688 Planci
778 3625 973 3703 maffia]
1012 3625 1118 3684 hac
1149 3626 1219 3685 de
1250 3645 1311 3686 re
1340 3629 1397 3686 in
1432 3645 1517 3703 ep.
1551 3644 1633 3685 η.
1665 3628 1756 3687 lib.
1784 3645 1835 3686 x.
1870 3629 2005 3687 fam.

472 3716 529 3763 Α
565 3708 782 3763 Lentulo
808 3706 966 3775 nostro
985 3704 1045 3774 ,]
1090 3704 1139 3789 iq
1152 3704 1226 3760 est
1244 3745 1262 3771 ,
1303 3706 1457 3784 cujus
1474 3704 1716 3783 epfltolae
1729 3704 1859 3768 duae
1874 3705 2000 3768 sunt
2013 3703 2189 3769 liban
2202 3723 2244 3770 1·
2260 3702 2374 3764 fam·

361 3854 366 3857 ,
391 3785 515 3861 post
541 3785 654 3846 hoc
682 3794 902 3859 tempus
935 3779 1277 3863 conscriptg.
2310 3859 2377 3913 n
