2514 4438
392 264 524 340 sm
560 236 777 361 Lu.
822 258 935 341 ΙΙ.
979 262 1132 341 Er.
1175 261 1311 338 an
1355 261 1453 355 Q.
1501 261 1663 338 Fa:
1716 258 1869 336 Ep.
1920 263 2012 340 v.
2139 222 2239 370 '47

194 383 447 459 dicentia
473 381 732 443 videtur:
776 401 909 445 cum
926 431 944 457 ‚
980 385 1223 446 litteram
1256 393 1354 443 aut
1385 380 1592 442 elidere
1608 425 1627 451 ,
1661 391 1760 442 aut
1788 381 1994 451 addere
2019 382 2080 443 in
2110 385 2241 448 ulti—

219 479 318 521 ma
344 459 595 520 diedone
627 505 646 533 ‚
686 479 820 548 quae
854 461 919 519 fit
949 462 1148 522 eadem
1180 477 1315 520 cum
1347 460 1528 535 prima
1560 457 1817 518 difflonis
1847 460 2185 538 insequentis
2216 500 2240 529 ,

213 555 400 597 unum
431 537 496 598 fit
525 536 599 596 de
631 538 932 615 privilegiis
962 539 1063 599 illis
1095 581 1115 608 ,
1154 555 1290 616 quae
1324 548 1582 596 veterum
1613 536 1822 611 scripta..
1840 538 2243 612 corrigentibus

202 613 339 692 jure
370 613 779 678 conceduntur.
813 633 949 691 ergo
964 658 983 685 ‚
998 627 1062 676 ut
1094 614 1185 674 illa
1213 615 1369 690 prior
1398 610 1723 673 emendatio
1753 612 1932 687 placet
1946 614 2006 672 in
2019 614 2241 675 senten-

216 692 297 751 tia
317 734 335 761 ,
375 691 624 769 displicet
654 695 714 750 in
739 692 964 752 litteris:
1005 693 1082 753 ita
1110 692 1238 751 haec
1269 703 1462 750 contra
1482 733 1501 760 ‚
1518 707 1651 749 cum
1685 690 1950 748 inlitteris
1966 693 2241 761 maxime,

216 767 281 825 in
312 768 585 829 sententia
614 781 810 829 tamen
843 767 995 829 haud
1017 768 1184 829 valde
1216 767 1496 844 probatur.
1527 783 1662 827 nam
1693 760 1828 825 illud
1844 808 1862 834 ‚
1877 769 2116 847 ceteroqui
2129 812 2149 839 ,
2175 788 2244 828 u·

216 845 501 906 nivei-sum
536 844 805 924 quiddam
823 888 840 915 ,
880 844 1039 925 quod
1067 863 1188 905 non
1220 863 1338 903 uno
1367 855 1629 920 tempore
1641 840 1719 901 de
1732 843 1939 929 nuptiis
1952 843 2141 904 aetum
2153 847 2244 917 fit,

182 919 498 1012 fignificat.
541 923 749 981 Latiare
766 965 784 992 ,
822 934 1016 982 autem
1051 923 1092 981 fi
1122 920 1353 980 addatur
1370 963 1387 990 ,
1427 939 1546 998 quo
1576 919 1693 981 dies
1723 938 1866 981 unus
1880 920 2242 997 intelligitur3
2359 972 2369 983 .

214 999 383 1057 nimis
414 1017 478 1059 m
509 1000 802 1075 angustum
835 999 1156 1061 universum
1183 996 1330 1056 illud.
1350 998 1719 1059 contrahetur.
1733 1062 1738 1075 .
1753 1014 1953 1057 verum
1986 1014 2093 1073 ego
2126 1000 2246 1058 for—

214 1072 350 1133 tasse
380 1077 696 1147 calumnior
725 1094 843 1151 prae
874 1077 1058 1136 nimio
1086 1075 1266 1134 studio
1297 1075 1541 1134 veritatis
1561 1096 1578 1141 3
1599 1079 1661 1135 &
1693 1075 1889 1134 imitor
1919 1074 2161 1139 Calvum
2179 1075 2245 1137 il·
2297 1106 2300 1111 ·

196 1151 335 1211 ,lum
358 1195 375 1220 ,
391 1155 493 1231 qui
525 1171 658 1212 cum
684 1154 963 1229 optimam
990 1155 1052 1213 in
1086 1150 1329 1212 dicendo
1357 1153 1637 1212 rationem
1667 1162 1945 1229 quaereret
1961 1195 1978 1221 ‚
1994 1152 2245 1211 nimium

216 1226 503 1306 inquirens
538 1230 599 1288 in
632 1229 744 1288 sese
763 1271 781 1297 ‚
798 1241 1169 1306 metuensque
1197 1246 1274 1287 ne
1306 1228 1568 1286 vitiosum
1585 1229 1908 1304 sanguinem
1926 1229 2245 1305 colligeret,

218 1307 421 1364 verum
457 1306 628 1366 etiam
661 1305 733 1364 de
774 1307 1013 1365 erdebat.
1086 1324 1217 1365 uare
1243 1305 1366 1363 satis
1395 1304 1694 1364 habeamus
1712 1348 1729 1373 ,
1806 1323 1897 1362 uae
1928 1305 2111 1364 nostra
2125 1305 2248 1364 sen-

213 1384 396 1440 tentia
426 1382 524 1453 fit,
562 1384 719 1442 osten
764 1380 871 1441 'ffe.
889 1401 1022 1442 vera
1139 1401 1211 1443 an
1243 1382 1433 1451 seem,
1472 1382 1611 1440 volo
1642 1380 1761 1457 diju
1803 1379 1982 1439 'candi
2008 1382 2248 1456 potesta?

202 1466 351 1529 ⁴tem
385 1457 457 1516 ad
480 1461 613 1520 alios
644 1461 939 1536 pertinere.
2097 1512 2104 1517 .
2147 1512 2150 1517 .

308 1542 445 1591 Erat
474 1539 749 1620 exiturus]
795 1538 1063 1614 Craffipes
1081 1580 1099 1607 ,
1137 1537 1412 1596 rediturus
1437 1535 1562 1612 post
1595 1534 1879 1615 religiosos
1907 1531 2038 1593 dies.
2056 1547 2153 1594 aut
2172 1578 2189 1603 ,
2205 1534 2250 1593 fi

222 1611 323 1668 cui
353 1654 373 1680 ,
408 1628 519 1669 erat
550 1657 567 1683 ‚
608 1615 801 1674 referri
833 1614 905 1673 ad
937 1614 1315 1690 Craflipedem
1331 1632 1467 1677 ‚non
1497 1614 1680 1689 placet
1708 1635 1727 1679 ;
1770 1611 1954 1671 eidem
1987 1609 2210 1673 fortasse
2228 1654 2249 1682 ,

219 1706 365 1743 eram
393 1690 629 1748 exiturus
645 1735 663 1761 ,
700 1691 976 1767 placebit3
1017 1691 1058 1749 fi
1090 1691 1270 1750 modo
1301 1709 1437 1757 vere
1467 1691 1581 1748 hoc
1609 1708 1641 1748 a
1660 1688 1939 1747 Cicerone
1972 1686 2042 1746 de
2057 1688 2249 1764 seipso

220 1761 380 1823 scribi
410 1765 567 1841 poffe
597 1769 944 1827 intellexerit.
975 1769 1245 1845 intelliget
1288 1779 1480 1826 autem
1514 1785 1584 1826 ex
1616 1765 1717 1824 illis
1748 1766 1928 1824 verbis
1961 1782 2093 1840 quae
2123 1765 2248 1823 sunt

223 1838 399 1900 insta:
441 1842 709 1920 Luccejum
743 1845 912 1902 videre
941 1845 1175 1904 volebam
1191 1887 1211 1913 ,
1250 1844 1385 1924 quod
1412 1863 1557 1900 eram
1582 1842 1810 1917 postridie
1827 1851 1988 1900 Roma
2001 1843 2253 1899 exiturus.

673 1993 1802 2077 EXPLANATIO

420 2152 1762 2292 ·EPJISTOLAE
1887 2152 2003 2251 v.

150 2329 213 2375 μ’
326 2351 572 2428 Iisdem
607 2352 1022 2429 consulibus,
1118 2303 1124 2310 -

148 2555 155 2560 ·
225 2520 354 2604 Pag.
374 2533 463 2620 5⁷73
502 2530 825 2633 DEdaram
856 2531 928 2586 ad
958 2545 1008 2586 te
1035 2529 1264 2609 litteras]
1301 2530 1422 2589 hoc
1441 2572 1458 2599 ,
1496 2529 1671 2606 usque
1702 2526 1773 2587 ad
1801 2529 1890 2588 illa
1921 2519 2107 2612 verba·
2125 2568 2144 2594 ‚
2182 2530 2257 2585 ad

420 2629 421 2632 ¹
604 2607 748 2684 pedes
782 2608 1169 2686 uniuscujusque
1190 2608 1444 2683 jacentem
1465 2648 1481 2674 ,
1497 2605 1701 2664 librarii
1720 2647 1737 2673 ‚
1755 2623 1930 2680 genus
1947 2605 2256 2663 hommum

220 2675 520 2756 indiligens
553 2697 722 2761 atque
756 2684 1082 2759 imperitum
1118 2726 1137 2751 ‚
1174 2683 1346 2758 longe
1380 2700 1413 2740 a
1444 2684 1538 2741 sua
1569 2681 1695 2741 sede
1725 2680 2102 2740 transtulerant
2138 2721 2154 2747 ,
2191 2680 2257 2737 δε

228 2757 300 2815 ad
332 2759 554 2819 alterius
585 2760 831 2836 epistolae
860 2772 1076 2836 partem
1097 2802 1113 2827 ‚
1130 2759 1303 2834 ipsam
1337 2777 1455 2836 quo
1497 2777 1569 2817 ue
1601 2756 1752 2835 quafi
1768 2756 2087 2817 membrum
2103 2773 2136 2812 a
2154 2755 2256 2813 suo

233 2845 473 2909 corpore
520 2835 761 2896 avulsam
796 2882 814 2908 ,
869 2838 1360 2912 agglutinaverant.
1402 2776 1543 2894 ruffini
1590 2837 1734 2894 hanc
1810 2833 2252 2894 erturbationem

231 2909 474 2969 ostendit
502 2914 646 2972 ratio
674 2915 943 2991 temporis
962 2955 982 2984 ‚
1020 2916 1080 2971 &
1112 2931 1306 2972 earum
1335 2930 1523 2971 rerum
1554 2911 1696 2971 ordo
1716 2954 1735 2982 ‚
1789 2931 1822 2970 e
1853 2911 2050 2994 quibus
2065 2908 2135 2968 ad
2149 2910 2259 2968 fra—

232 2997 376 3046 trem
407 2988 468 3046 in
498 2990 584 3049 his
619 2992 856 3066 epistolis
887 2991 1092 3049 Cicero
1123 2991 1344 3058 scribit„
1361 2986 1689 3048 Beffarionis
1719 2990 1855 3048 liber
1885 2985 2127 3046 diffentit
2161 2985 2256 3045 ine

218 3063 465 3141 ‚quidem
497 3067 566 3125 ab
599 3067 864 3143 impreffis
882 3110 900 3136 ,
939 3067 1152 3126 mendo
1183 3079 1377 3126 tamen
1408 3067 1646 3125 minime
1680 3078 1856 3124 vacat.
1872 3082 2004 3124 nam
2036 3064 2150 3122 hoc
2165 3073 2259 3119 to·

226 3152 353 3199 tum
385 3159 418 3200 a
451 3143 627 3202 verbo
645 3186 663 3213 ‚
702 3144 938 3201 dederam
969 3144 1040 3202 ad
1061 3188 1078 3214 ,
1118 3144 1394 3215 Jacentem
1415 3186 1432 3213 ,
1472 3144 1807 3219 principium
1842 3141 1916 3201 est
1946 3141 2005 3197 in
2034 3156 2107 3197 eo
2137 3138 2258 3213 epi—

230 3216 384 3275 stolae
420 3262 439 3287 ‚
477 3219 895 3309 sequunturque
929 3224 1285 3280 continenter
1317 3221 1404 3279 illa
1424 3219 1607 3279 ‘verba
1640 3262 1657 3288 ,
1712 3219 1770 3276 in
1802 3238 1853 3275 eo
1885 3216 2048 3274 multo
2070 3216 2257 3302 [πνρας

214 3294 487 3370 superiores
515 3296 664 3374 ipsius
693 3299 833 3384 copits
847 3322 865 3366 ;
882 3316 1013 3375 quae
1040 3298 1163 3356 sunt
1196 3298 1254 3356 in
1288 3296 1528 3372 epistola¹
1544 3296 1699 3354 cu'us
1715 3295 1939 3354 initium
1957 3293 2033 3352 est
2048 3334 2065 3361 ,
2083 3289 2264 3369 scrtpfi

231 3370 303 3427 ad
331 3386 379 3428 te
407 3387 566 3430 antea
585 3375 861 3451 superma.
894 3391 1025 3451 quae
1056 3392 1227 3452 quam
1264 3372 1368 3431 fint
1399 3390 1594 3449 praepo
1640 3390 1731 3431 ere
1766 3373 1892 3448 conj
1901 3368 2065 3428 uncta
2094 3411 2111 3438 ,
2152 3369 2259 3426 cui-

232 3446 317 3504 vis
332 3491 348 3517 ,
385 3449 574 3523 paullo
605 3453 868 3511 attentius
905 3469 971 3510 ea
1008 3449 1413 3517 consideranti,
1455 3448 1694 3508 dilucide
1725 3447 1950 3524 p'atebit.
1987 3462 2119 3504 cum
2151 3448 2256 3523 igi·

230 3535 323 3581 tur
350 3542 540 3602 neque
567 3527 860 3604 vulgatum
892 3530 949 3587 in
979 3527 1124 3586 libris
1154 3526 1420 3602 impreffis
1455 3526 1714 3585 ordinem
1746 3525 1861 3583 uno
1894 3520 2076 3581 modo
2121 3541 2256 3599 pro-

212 3598 418 3676 barem
435 3625 454 3670 ;
495 3621 571 3662 ne
612 3623 686 3664 ue
716 3606 891 3675 mihi,
930 3622 1093 3663 verus
1119 3603 1334 3680 alioqui
1348 3619 1413 3661 ac
1431 3614 1609 3661 certus
1641 3601 1737 3660 ubi
1779 3619 1850 3657 ue
1880 3598 1997 3657 fere
2016 3638 2034 3666 ‚
2071 3596 2257 3660 Beffa-

210 3678 396 3742 ‚rionis
421 3678 563 3746 liber
633 3699 699 3740 ac
728 3681 964 3759 quidem
991 3683 1050 3740 in
1079 3691 1234 3755 parte
1267 3679 1597 3739 satisfaceret
1627 3698 1642 3735 ε
1682 3677 1754 3737 de
1799 3678 1809 3687 “
1842 3694 1936 3735 me
1967 3672 2041 3741 ad
2073 3676 2255 3744 confi-

212 3751 543 3818 ,derandum
573 3758 839 3818 subtiliter
867 3770 1266 3834 argumentum
1285 3798 1303 3825 ‚
1343 3770 1405 3814 ut
1435 3774 1508 3815 eo
1543 3753 1695 3833 quasi
1727 3752 1824 3813 filo
1856 3751 1927 3838 ad
1956 3755 2259 3815 veritatem

207 3835 612 3914 pervenirem.
646 3835 903 3918 Burnum
935 3837 1049 3916 agit
1065 3835 1272 3920 Cicero
1302 3831 1375 3897 de
1391 3831 1584 3899 Tullia
1595 3830 1775 3913 pridie
1788 3849 1924 3896 non.
1940 3829 2265 3970 Apagracll‘}

2129 3926 2199 3985 pe
