2514 4438
293 219 449 317 284
691 209 1159 286 Parmam
1205 203 2021 302 Couunuwanms-

362 343 469 412 Ego
497 327 590 389 tibi
619 326 735 407 hoc]
775 324 966 387 suadet
997 340 1031 383 a
1063 322 1329 386 facilitate
1344 346 1365 392 3
1408 323 1469 384 &
1498 323 1622 386 satis
1652 322 1924 395 fidentem
1961 343 2048 402 ego
2080 322 2323 392 t'biconi

326 432 455 471 nno.

278 412 332 489 fi
366 484 485 563 Nisi
497 483 552 561 [ι’
576 482 783 561 aliqua]
823 478 977 540 reete
1007 478 1070 538 hi
1100 478 1487 556 excipiuntur,
1527 497 1670 557 quos
1702 476 2002 539 verisimile
2038 479 2115 537 est
2151 522 2170 548 ,
2212 497 2321 539 ne-

286 563 516 626 cessariis
546 560 652 620 suis
683 558 871 637 potius
902 574 1075 635 quam
1106 557 1219 616 aliis
1252 557 1538 617 fauturos:
1577 557 1768 634 itaque
1796 555 2026 616 stultum
2042 555 2210 628 estde
2227 557 2312 620 his

437 657 513 697 re.
1508 667 1523 686 s
2428 673 2435 678 -

282 644 482 855 {1:3⁸st
501 712 585 792 fi]
623 712 1037 796 Terentianum
1071 709 1146 784 est
1184 729 1200 769 ε
1240 720 1305 770 ut
1337 710 1396 770 in
1428 707 1679 784 Andria3
1721 706 1820 790 tufi
1834 709 1920 786 st;
1937 707 1999 768 id
2017 708 2096 781 est
2112 707 2314 787 ,quod

406 810 544 852 icor.

363 813 420 927 {i
447 864 779 938 contenderis]
821 863 1110 939 diligenter
1137 864 1345 937 egeris3
1386 864 1756 923 vehementer
1783 847 2026 938 petieriS.

363 956 434 1005 Ut
453 945 550 1022 suo
561 943 783 1014 beneficio
849 939 948 999 suo
974 939 1233 1015 suffragio
1262 940 1364 999 tibi
1392 940 1655 1017 praestitO.
1780 953 1781 956 ’
2100 997 2107 1002 .

364 1031 424 1081 Se
455 1038 517 1078 ut
546 1039 683 1076 ames
700 1062 719 1088 ,
824 1017 844 1074 i
876 1031 937 1073 ut
968 1015 1179 1102 debeaq
1208 1016 1331 1092 quis
1360 1018 1517 1077 enim
1547 1034 1668 1090 non
1682 1015 1870 1092 cupiat
1884 1006 2159 1104 asumnip
2173 1018 2315 1082 viro

235 1115 236 1120 ’
287 1100 497 1166 amari,
538 1094 897 1172 eundemque
929 1092 1025 1160 sibi
1053 1092 1426 1152 demnatum?

367 1175 523 1234 Modo
550 1170 827 1250 intelligat]
867 1167 1048 1244 scripti
1077 1169 1284 1228 habent
1314 1169 1459 1234 modo
1492 1185 1570 1241 ut.

366 1259 434 1310 Te
461 1249 636 1323 magni
667 1248 931 1326 astimare]
972 1245 1278 1315 amicitiam
1311 1247 1537 1314 illorum
1569 1248 1791 1307 scilicet.
1826 1246 1981 1307 Bene
1997 1259 2195 1312 autem
2212 1246 2309 1307 ad-

288 1329 369 1390 dit
396 1330 492 1388 has
524 1323 811 1384 cautiones
829 1366 846 1392 ‚
884 1335 947 1396 ut
978 1322 1110 1379 sciat
1138 1323 1438 1399 quomodo
1464 1324 1761 1398 agendum.
1838 1324 1992 1390 Nam
2025 1324 2153 1401 quis
2169 1325 2306 1396 velit

289 1405 628 1468 beneficium
659 1401 820 1458 suum
852 1398 1190 1475 profundere
1222 1416 1287 1458 ac
1319 1399 1591 1475 perdere?
2302 1461 2309 1466 ,

367 1481 455 1539 Ex
483 1481 659 1537 animo
687 1477 854 1555 agere]
896 1493 927 1533 a
956 1475 1220 1550 superiori
1252 1517 1272 1543 ,
1311 1491 1359 1532 te
1388 1476 1757 1551 repetendum
1791 1516 1812 1545 ,
1845 1497 1910 1544 ex
1941 1478 2121 1538 animo
2155 1498 2312 1555 agere.

289 1559 431 1619 Non
460 1554 743 1617 simulare:
784 1550 940 1630 quod
974 1553 1068 1611 tali
1097 1562 1356 1628 tempore
1390 1555 1507 1612 fere
1538 1554 1616 1612 fit.
2208 1611 2217 1620 ,

369 1643 499 1691 Bene
521 1631 804 1709 seponere]
862 1628 1010 1703 apud
1057 1628 1354 1687 hominem
1386 1643 1604 1703 gratum
1637 1635 1911 1694 collocare
1945 1631 2307 1693 beneficium.

291 1711 368 1770 fic
397 1712 537 1769 infra
554 1730 573 1776 ;
615 1706 778 1782 Apud
808 1715 930 1783 quos
960 1704 1140 1781 qptime
1160 1705 1283 1780 poni
1308 1707 1668 1765 arbitraretur.
1707 1709 1829 1774 Οἱς.
1861 1726 1948 1784 ep.
1982 1709 2182 1784 55.lib.
2222 1726 2306 1784 132

293 1791 478 1864 Quam
504 1783 623 1841 bene
645 1782 900 1860 positurus
917 1777 992 1857 fis
1012 1780 1244 1853 studium
1278 1796 1451 1853 tuum.
1486 1783 1648 1843 Idem
1664 1788 1847 1854 valet,
1876 1785 2113 1861 praelate
2118 1797 2307 1861 poure.

373 1874 495 1929 Nan
508 1864 620 1934 jere
647 1881 711 1918 ex
741 1879 794 1915 eo
824 1859 1029 1915 brevem
1061 1876 1127 1918 v·
1146 1856 1595 1941 suffiaga'toriam]
1636 1863 1811 1948 qualis
1847 1861 1985 1919 solet
2018 1847 2132 1920 effe
2167 1863 2307 1922 inter

293 1961 393 2001 eos
428 1985 450 2009 ,
499 1937 597 2020 qui
629 1935 1012 2011 suffragiorum
1047 1933 1223 2004 cauffa
1255 1945 1477 1995 tantum
1510 1939 1678 1998 amici
1718 1937 1854 1997 faeti
1881 1938 2024 1995 sunt.
2103 1935 2309 2012 Hujus-

292 2017 459 2154 ffbOdi
487 2014 753 2090 amicitiae
782 2011 1138 2087 temporari-ae
1171 2014 1512 2088 appellantur
1543 2057 1563 2094 ἓ
1597 2014 1747 2090 apud
1776 2015 2048 2082 Senecam
2080 2054 2101 2082 ,
2138 2032 2229 2089 ep.
2259 2031 2316 2090 9.

372 2139 386 2152 .
422 2114 470 2152 1.
1757 2137 1761 2144 .
1992 2117 1997 2122 ·
2263 2133 2268 2142 .

375 2179 539 2227 Nemo
567 2169 692 2247 erit]
731 2182 849 2224 non
880 2165 1060 2223 solum
1095 2163 1263 2234 dicit,
1303 2164 1731 2240 impetraturum
1751 2168 2093 2228 Ciceronem
2112 2164 2310 2235 facile,

296 2246 453 2325 quod
485 2256 638 2320 petet
655 2265 674 2313 ;
715 2241 808 2299 sed
841 2242 1102 2298 homines
1133 2241 1277 2315 ipsos
1295 2259 1420 2299 eam
1441 2244 2163 2307 occasionemlibentiffime
2187 2261 2312 2302 am-

295 2326 552 2402 plexuros
573 2365 590 2391 ,
628 2329 691 2379 ut
727 2330 858 2376 cum
890 2317 1168 2375 Cicerone
1203 2317 1508 2379 amicitiam
1542 2321 1893 2381 constituant.

376 2410 440 2457 In
471 2420 569 2478 quo
601 2396 745 2456 modo
775 2394 970 2473 aliquid
1002 2392 1214 2449 virtutis
1233 2392 1337 2473 sit]
1379 2412 1511 2455 nam
1544 2414 1676 2456 cum
1708 2396 1907 2457 eadem
1939 2400 1998 2457 in
2028 2394 2157 2468 tesit
2177 2437 2197 2465 a
2227 2394 2314 2453 fa-

300 2478 405 2543 cile
438 2475 731 2534 contrahet
758 2471 1059 2531 amicitiam
1097 2472 1301 2529 virtus:
1344 2483 1406 2529 ut
1436 2472 1557 2531 Cic,
1590 2473 1649 2532 in
1682 2474 1825 2549 Lael.
1845 2470 1899 2550 fi
1928 2494 2035 2553 qua
2055 2471 2315 2549 fignifica-

300 2555 372 2614 tio
404 2554 619 2611 virtutis
646 2553 832 2608 eluceat
850 2592 866 2619 ,
905 2548 977 2603 ad
1009 2566 1168 2624 quam
1186 2547 1245 2623 se
1265 2546 1450 2623 similis
1479 2549 1685 2614 animus
1715 2550 1918 2626 applicet
1951 2568 2018 2612 ω·
2046 2550 2319 2625 adjungat.

378 2630 631 2689 Amicitia
661 2643 825 2687 tecum
856 2622 1221 2701 constituenda]
1262 2622 1320 2681 id
1352 2624 1427 2681 est
1449 2668 1466 2694 ‚
1509 2624 1894 2697 conciliandae.
1973 2626 2064 2684 Sic
2091 2626 2315 2683 locutus

301 2704 602 2783 aiiquando
636 2703 709 2760 est
744 2702 827 2759 M.
860 2699 993 2759 Tul.
1018 2697 1109 2756 lib.
1129 2715 1180 2755 2.
1214 2699 1285 2757 de
1305 2698 1535 2759 finibus:
1564 2699 1621 2779 si
1649 2701 1850 2763 utilitas
1881 2702 2174 2775 amicitiam
2201 2721 2320 2757 con-1

290 2785 483 2859 stimet.
524 2781 638 2838 Hic
664 2778 847 2837 noster
880 2776 1084 2832 iterum
1120 2793 1133 2830 ε
1176 2777 1471 2849 Quoniam
1506 2777 1576 2837 de
1607 2778 1867 2838 amicitiis
1899 2776 2314 2838 constituendi&

380 2856 662 2931 Praefirtim
694 2872 812 2927 cuni
840 2850 894 2906 id
925 2849 1042 2928 tibi]
1096 2868 1236 2910 unus
1266 2852 1491 2930 scriptus
1520 2855 1659 2916 liber
1684 2856 1850 2918 habet
1886 2898 1905 2925 ‚
1957 2874 2076 2913 cum
2106 2856 2189 2912 hic
2224 2851 2315 2911 tibi

299 2934 472 3012 casias:
515 2930 671 3008 quod
700 2946 818 2986 non
845 2944 1008 3003 aeque
1039 2926 1237 3004 placet.
2183 2938 2189 2943 ·

378 3009 466 3067 Uti
497 3022 659 3065 tecum
678 3004 890 3082 petant]
933 3002 1151 3064 videtur
1182 3004 1317 3064 illud
1330 3005 1410 3065 uti
1424 3006 1852 3089 disjungendum
1870 3049 1888 3075 ‚
1929 3005 2312 3082 &legendum

299 3104 363 3146 ut
392 3087 461 3153 ii3
506 3096 570 3143 ut
601 3084 665 3143 sit
696 3082 766 3143 ad
798 3079 953 3160 quod
982 3078 1312 3160 respondeat
1345 3087 1401 3147 τὶ
1429 3104 1683 3163 quorum:
1724 3086 1784 3146 id
1800 3084 1960 3164 quod
1977 3081 2321 3156 etiamvidit·

298 3174 387 3245 M.
421 3172 559 3230 Ant.
586 3171 861 3229 Muretus.

378 3252 620 3325 Qorum
648 3246 874 3304 amicitia
904 3258 1002 3303 aut
1032 3244 1397 3303 contemnenda
1423 3261 1523 3303 aut
1539 3247 1816 3327 fugienda]
1856 3246 1973 3306 duo
2010 3245 2147 3304 dicit
2178 3262 2317 3304 con-

301 3339 387 3386 tra
418 3326 558 3385 duos
592 3322 1025 3397 competitores:
1064 3321 1297 3380 aiterum
1331 3322 1389 3381 in
1421 3321 2052 3393 Antonium,‘alterum
2085 3323 2147 3380 in
2162 3321 2315 3380 Cati-

302 3405 495 3479 linam.
573 3400 661 3458 Sic
687 3399 773 3458 M.
807 3398 927 3465 Cic.
958 3398 1018 3455 in
1052 3409 1190 3456 orat.
1225 3399 1285 3456 in
1315 3410 1449 3474 toga
1482 3399 1712 3458 candida
1746 3420 1760 3459 :
1800 3404 1995 3477 Quem
2030 3399 2186 3461 enim
2220 3408 2314 3456 aut
2424 3400 2428 3407 '

306 3481 554 3541 amicum
584 3475 785 3537 habere
819 3474 998 3549 potest
1028 3475 1071 3534 is
1089 3516 1106 3541 ‚
1145 3476 1245 3550 qui
1261 3486 1348 3532 tot
1366 3476 1515 3535 cives
1532 3476 1827 3536 trucidavit
1842 3499 1860 3544 3
1902 3476 2271 3539 autclientem
2288 3474 2315 3541 ῥ’

304 3560 407 3635 qui
437 3558 495 3617 in
526 3554 617 3612 sua
634 3554 856 3611 civitate
889 3568 1018 3608 cum
1052 3552 1344 3625 peregrino
1374 3554 1600 3628 negavit
1616 3552 1894 3628 sejudicio
1911 3569 2085 3629 aequo
2105 3562 2308 3608 certare

285 3630 477 3769 {oilie
519 3629 901 3762 Cosstemnenda
935 3627 1101 3702 igitur
1131 3625 1201 3685 ad
1227 3628 1445 3688 alterius
1472 3627 1690 3696 sordes;
1717 3628 1966 3705 fugienda
1998 3627 2071 3687 ad
2096 3626 2319 3686 alteriue

335 3725 397 3766 ce
420 3725 508 3765 era
546 3724 604 3764 re
632 3717 794 3764 ertur.
1764 3728 1787 3749 ο

321 3785 327 3790 “
386 3772 543 3863 Quid
571 3802 653 3858 ego
679 3797 727 3865 τε
756 3781 959 3866 bertar]
1014 3781 1197 3860 facere
1227 3778 1448 3860 scilicet.
1526 3781 1649 3864 Nifi
1680 3781 1917 3859 velimus
1946 3780 2020 3843 fic
2050 3778 2262 3841 dietum
2295 3817 2317 3843 ,

398 3873 406 3883 “
446 3872 464 3879 “
609 3874 615 3877 “
1666 3906 1669 3909 .
2252 3866 2312 3911 ut
