<?xml version="1.0" encoding="UTF-8"?>
<!DOCTYPE html PUBLIC "-//W3C//DTD XHTML 1.0 Transitional//EN"
    "http://www.w3.org/TR/xhtml1/DTD/xhtml1-transitional.dtd">
<html xmlns="http://www.w3.org/1999/xhtml" xml:lang="en" lang="en">
 <head>
  <title>
</title>
<meta http-equiv="Content-Type" content="text/html;charset=utf-8" />
  <meta name='ocr-system' content='tesseract 3.04.00' />
  <meta name='ocr-capabilities' content='ocr_page ocr_carea ocr_par ocr_line ocrx_word'/>
</head>
<body>
  <div class='ocr_page' id='page_1' title='image "./epistolarumadqu00cicegoog_0499.png"; bbox 0 0 2514 4438; ppageno 0'>
   <div class='ocr_carea' id='block_1_1' title="bbox 436 261 2237 392">
    <p class='ocr_par' dir='ltr' id='par_1_1' title="bbox 436 261 2237 392">
     <span class='ocr_line' id='line_1_1' title="bbox 436 261 2237 392; baseline 0.004 -44"><span class='ocrx_word' id='word_1_1' title='bbox 436 274 538 348; x_wconf 76' lang='lat' dir='ltr'>&#39;m</span> <span class='ocrx_word' id='word_1_2' title='bbox 581 270 691 372; x_wconf 71' lang='lat' dir='ltr'>Q</span> <span class='ocrx_word' id='word_1_3' title='bbox 725 272 925 349; x_wconf 81' lang='lat' dir='ltr'>Cre.</span> <span class='ocrx_word' id='word_1_4' title='bbox 974 296 1095 348; x_wconf 69' lang='lat' dir='ltr'>nn</span> <span class='ocrx_word' id='word_1_5' title='bbox 1141 269 1463 349; x_wconf 60' lang='lat' dir='ltr'>Pei-m.</span> <span class='ocrx_word' id='word_1_6' title='bbox 1510 276 1913 384; x_wconf 51' lang='lat' dir='ltr'>Consta:</span> <span class='ocrx_word' id='word_1_7' title='bbox 2084 261 2237 392; x_wconf 59' lang='lat'>279²</span> 
     </span>
    </p>
   </div>
   <div class='ocr_carea' id='block_1_2' title="bbox 151 387 2243 2449">
    <p class='ocr_par' dir='ltr' id='par_1_2' title="bbox 189 387 2243 772">
     <span class='ocr_line' id='line_1_2' title="bbox 221 387 2228 480; baseline 0.004 -32"><span class='ocrx_word' id='word_1_8' title='bbox 221 391 228 398; x_wconf 85' lang='lat'><em>&#39;</em></span> <span class='ocrx_word' id='word_1_9' title='bbox 276 390 597 480; x_wconf 61' lang='lat' dir='ltr'>Destriptum</span> <span class='ocrx_word' id='word_1_10' title='bbox 630 407 697 460; x_wconf 69' lang='grc' dir='ltr'>φ’</span> <span class='ocrx_word' id='word_1_11' title='bbox 727 388 1016 468; x_wconf 82' lang='lat' dir='ltr'>dispofitum</span> <span class='ocrx_word' id='word_1_12' title='bbox 1084 387 1429 449; x_wconf 82' lang='lat' dir='ltr'>distn‘butum</span> <span class='ocrx_word' id='word_1_13' title='bbox 1462 414 1482 460; x_wconf 81' lang='lat'>3</span> <span class='ocrx_word' id='word_1_14' title='bbox 1540 401 1603 462; x_wconf 86' lang='lat' dir='ltr'>ut</span> <span class='ocrx_word' id='word_1_15' title='bbox 1634 396 2009 473; x_wconf 76' lang='lat' dir='ltr'>unusquist1ue</span> <span class='ocrx_word' id='word_1_16' title='bbox 2036 398 2167 457; x_wconf 85' lang='lat' dir='ltr'>sciat</span> <span class='ocrx_word' id='word_1_17' title='bbox 2209 444 2228 477; x_wconf 76' lang='lat'>‚</span> 
     </span>
     <span class='ocr_line' id='line_1_3' title="bbox 201 466 2243 545; baseline 0.004 -19"><span class='ocrx_word' id='word_1_18' title='bbox 201 466 338 545; x_wconf 87' lang='lat' dir='ltr'>quid</span> <span class='ocrx_word' id='word_1_19' title='bbox 370 468 470 527; x_wconf 83' lang='lat' dir='ltr'>fibi</span> <span class='ocrx_word' id='word_1_20' title='bbox 502 467 823 526; x_wconf 87' lang='lat' dir='ltr'>faciendum</span> <span class='ocrx_word' id='word_1_21' title='bbox 860 466 940 525; x_wconf 86' lang='lat' dir='ltr'>fit.</span> <span class='ocrx_word' id='word_1_22' title='bbox 1077 484 1108 525; x_wconf 90' lang='lat' dir='ltr'>e</span> <span class='ocrx_word' id='word_1_23' title='bbox 1140 485 1250 544; x_wconf 89' lang='lat' dir='ltr'>qua</span> <span class='ocrx_word' id='word_1_24' title='bbox 1287 466 1667 528; x_wconf 85' lang='lat' dir='ltr'>distributione</span> <span class='ocrx_word' id='word_1_25' title='bbox 1704 512 1722 540; x_wconf 91' lang='lat'>‚</span> <span class='ocrx_word' id='word_1_26' title='bbox 1785 472 1927 533; x_wconf 89' lang='lat' dir='ltr'>infra</span> <span class='ocrx_word' id='word_1_27' title='bbox 1957 474 2054 532; x_wconf 90' lang='lat' dir='ltr'>suo</span> <span class='ocrx_word' id='word_1_28' title='bbox 2084 475 2243 535; x_wconf 87' lang='lat' dir='ltr'>loco·</span> 
     </span>
     <span class='ocr_line' id='line_1_4' title="bbox 194 543 2213 629; baseline 0.004 -28"><span class='ocrx_word' id='word_1_29' title='bbox 194 543 441 629; x_wconf 84' lang='lat' dir='ltr'>pluribus</span> <span class='ocrx_word' id='word_1_30' title='bbox 477 554 686 619; x_wconf 88' lang='lat' dir='ltr'>agetur.</span> <span class='ocrx_word' id='word_1_31' title='bbox 725 552 807 600; x_wconf 84' lang='lat' dir='ltr'>De</span> <span class='ocrx_word' id='word_1_32' title='bbox 829 544 1044 621; x_wconf 79' lang='lat' dir='ltr'>criptum</span> <span class='ocrx_word' id='word_1_33' title='bbox 1076 560 1181 618; x_wconf 90' lang='lat' dir='ltr'>pro</span> <span class='ocrx_word' id='word_1_34' title='bbox 1211 543 1574 615; x_wconf 69' lang='lat' dir='ltr'>dfflributum3</span> <span class='ocrx_word' id='word_1_35' title='bbox 1618 555 1682 602; x_wconf 89' lang='lat' dir='ltr'>ut</span> <span class='ocrx_word' id='word_1_36' title='bbox 1712 545 1854 606; x_wconf 88' lang='lat' dir='ltr'>infra</span> <span class='ocrx_word' id='word_1_37' title='bbox 1868 570 1886 615; x_wconf 72' lang='grc' dir='ltr'><strong><em>ς</em></strong></span> <span class='ocrx_word' id='word_1_38' title='bbox 1931 550 1990 607; x_wconf 90' lang='lat'>&amp;</span> <span class='ocrx_word' id='word_1_39' title='bbox 2008 551 2213 610; x_wconf 86' lang='lat' dir='ltr'><strong>Horat.</strong></span> 
     </span>
     <span class='ocr_line' id='line_1_5' title="bbox 189 618 2215 697; baseline 0.003 -20"><span class='ocrx_word' id='word_1_40' title='bbox 189 633 252 677; x_wconf 83' lang='lat'>111</span> <span class='ocrx_word' id='word_1_41' title='bbox 284 620 447 679; x_wconf 86' lang='lat' dir='ltr'>Poet.</span> <span class='ocrx_word' id='word_1_42' title='bbox 481 620 744 697; x_wconf 81' lang='lat' dir='ltr'>descriptas</span> <span class='ocrx_word' id='word_1_43' title='bbox 798 639 979 677; x_wconf 80' lang='lat' dir='ltr'>ervare</span> <span class='ocrx_word' id='word_1_44' title='bbox 1011 618 1172 678; x_wconf 80' lang='lat' dir='ltr'>vices:</span> <span class='ocrx_word' id='word_1_45' title='bbox 1215 618 1336 677; x_wconf 86' lang='lat' dir='ltr'>Cic.</span> <span class='ocrx_word' id='word_1_46' title='bbox 1369 638 1455 696; x_wconf 83' lang='lat' dir='ltr'>ep.</span> <span class='ocrx_word' id='word_1_47' title='bbox 1496 639 1579 679; x_wconf 85' lang='lat'>10.</span> <span class='ocrx_word' id='word_1_48' title='bbox 1612 621 1703 679; x_wconf 88' lang='lat' dir='ltr'>lib.</span> <span class='ocrx_word' id='word_1_49' title='bbox 1742 623 1826 682; x_wconf 91' lang='lat'>16.</span> <span class='ocrx_word' id='word_1_50' title='bbox 1856 622 1992 690; x_wconf 79' lang='lat' dir='ltr'>fam.</span> <span class='ocrx_word' id='word_1_51' title='bbox 2054 627 2215 684; x_wconf 68' lang='lat' dir='ltr'>Italia</span> 
     </span>
     <span class='ocr_line' id='line_1_6' title="bbox 190 694 2239 772; baseline 0 -20"><span class='ocrx_word' id='word_1_52' title='bbox 190 696 403 771; x_wconf 56' lang='lat' dir='ltr'>regiones</span> <span class='ocrx_word' id='word_1_53' title='bbox 435 696 676 772; x_wconf 75' lang='lat' dir='ltr'>defiriptae</span> <span class='ocrx_word' id='word_1_54' title='bbox 697 694 845 771; x_wconf 85' lang='lat' dir='ltr'>sunt.</span> <span class='ocrx_word' id='word_1_55' title='bbox 1908 723 1915 726; x_wconf 53' lang='grc'><strong>’</strong></span> <span class='ocrx_word' id='word_1_56' title='bbox 2232 729 2239 734; x_wconf 83' lang='grc'><em>·</em></span> 
     </span>
    </p>

    <p class='ocr_par' dir='ltr' id='par_1_3' title="bbox 273 772 2210 851">
     <span class='ocr_line' id='line_1_7' title="bbox 273 772 2210 851; baseline 0.005 -24"><span class='ocrx_word' id='word_1_57' title='bbox 273 779 348 828; x_wconf 86' lang='lat' dir='ltr'>Et</span> <span class='ocrx_word' id='word_1_58' title='bbox 365 816 382 841; x_wconf 91' lang='lat'>‚</span> <span class='ocrx_word' id='word_1_59' title='bbox 424 772 850 849; x_wconf 81' lang='lat' dir='ltr'><em>quemadmodum</em></span> <span class='ocrx_word' id='word_1_60' title='bbox 882 772 1091 829; x_wconf 73' lang='lat' dir='ltr'>memini</span> <span class='ocrx_word' id='word_1_61' title='bbox 1124 814 1142 844; x_wconf 85' lang='lat'>,</span> <span class='ocrx_word' id='word_1_62' title='bbox 1183 773 1346 851; x_wconf 78' lang='lat' dir='ltr'>quod]</span> <span class='ocrx_word' id='word_1_63' title='bbox 1398 772 1554 831; x_wconf 85' lang='lat' dir='ltr'>locus</span> <span class='ocrx_word' id='word_1_64' title='bbox 1587 785 1874 850; x_wconf 86' lang='lat' dir='ltr'>corruptus</span> <span class='ocrx_word' id='word_1_65' title='bbox 1910 817 1926 844; x_wconf 92' lang='lat'>,</span> <span class='ocrx_word' id='word_1_66' title='bbox 1967 776 2028 835; x_wconf 82' lang='lat'>&amp;</span> <span class='ocrx_word' id='word_1_67' title='bbox 2059 795 2090 835; x_wconf 89' lang='lat' dir='ltr'>a</span> <span class='ocrx_word' id='word_1_68' title='bbox 2122 778 2210 838; x_wconf 86' lang='lat' dir='ltr'>M.</span> 
     </span>
    </p>

    <p class='ocr_par' dir='ltr' id='par_1_4' title="bbox 169 847 2231 1058">
     <span class='ocr_line' id='line_1_8' title="bbox 169 847 2211 927; baseline 0.002 -22"><span class='ocrx_word' id='word_1_69' title='bbox 169 847 463 916; x_wconf 82' lang='lat' dir='ltr'>‘Antonio</span> <span class='ocrx_word' id='word_1_70' title='bbox 499 848 730 905; x_wconf 90' lang='lat' dir='ltr'>Mureto</span> <span class='ocrx_word' id='word_1_71' title='bbox 761 847 835 904; x_wconf 91' lang='lat' dir='ltr'>fic</span> <span class='ocrx_word' id='word_1_72' title='bbox 866 848 1192 906; x_wconf 88' lang='lat' dir='ltr'>emendatus</span> <span class='ocrx_word' id='word_1_73' title='bbox 1228 892 1245 919; x_wconf 89' lang='lat'>‚</span> <span class='ocrx_word' id='word_1_74' title='bbox 1285 849 1561 907; x_wconf 76' lang='lat' dir='ltr'>variarum</span> <span class='ocrx_word' id='word_1_75' title='bbox 1601 850 1725 908; x_wconf 60' lang='lat' dir='ltr'>leet.</span> <span class='ocrx_word' id='word_1_76' title='bbox 1757 851 1847 908; x_wconf 92' lang='lat' dir='ltr'>lib.</span> <span class='ocrx_word' id='word_1_77' title='bbox 1883 869 1935 923; x_wconf 91' lang='lat'>7.</span> <span class='ocrx_word' id='word_1_78' title='bbox 1972 869 2086 927; x_wconf 81' lang='lat' dir='ltr'>cap.</span> <span class='ocrx_word' id='word_1_79' title='bbox 2125 872 2211 911; x_wconf 83' lang='lat'>12:</span> 
     </span>
     <span class='ocr_line' id='line_1_9' title="bbox 193 921 2231 1058; baseline 0.007 -80"><span class='ocrx_word' id='word_1_80' title='bbox 193 924 414 1058; x_wconf 45' lang='lat' dir='ltr'>{femini</span> <span class='ocrx_word' id='word_1_81' title='bbox 441 924 551 990; x_wconf 83' lang='lat' dir='ltr'>ulla</span> <span class='ocrx_word' id='word_1_82' title='bbox 582 923 638 979; x_wconf 81' lang='lat' dir='ltr'>in</span> <span class='ocrx_word' id='word_1_83' title='bbox 670 943 722 980; x_wconf 80' lang='lat' dir='ltr'>re</span> <span class='ocrx_word' id='word_1_84' title='bbox 753 943 1004 1002; x_wconf 79' lang='lat' dir='ltr'>umquam</span> <span class='ocrx_word' id='word_1_85' title='bbox 1036 924 1266 998; x_wconf 84' lang='lat' dir='ltr'>molestus</span> <span class='ocrx_word' id='word_1_86' title='bbox 1282 924 1449 999; x_wconf 79' lang='lat' dir='ltr'><em>sussti.</em></span> <span class='ocrx_word' id='word_1_87' title='bbox 1526 925 1685 986; x_wconf 86' lang='lat' dir='ltr'>Libri</span> <span class='ocrx_word' id='word_1_88' title='bbox 1716 927 1886 987; x_wconf 82' lang='lat' dir='ltr'>etiam</span> <span class='ocrx_word' id='word_1_89' title='bbox 1919 921 2100 1005; x_wconf 83' lang='lat' dir='ltr'>scripti</span> <span class='ocrx_word' id='word_1_90' title='bbox 2116 929 2231 992; x_wconf 65' lang='lat' dir='ltr'>hae.</span> 
     </span>
     <span class='ocr_line' id='line_1_10' title="bbox 237 1011 571 1058; baseline -0.009 0"><span class='ocrx_word' id='word_1_91' title='bbox 237 1011 332 1058; x_wconf 88' lang='lat' dir='ltr'>ent</span> <span class='ocrx_word' id='word_1_92' title='bbox 366 1019 571 1057; x_wconf 84' lang='lat' dir='ltr'>nemmt.</span> 
     </span>
    </p>

    <p class='ocr_par' dir='ltr' id='par_1_5' title="bbox 194 1074 2227 1975">
     <span class='ocr_line' id='line_1_11' title="bbox 237 1074 2210 1155; baseline 0.004 -22"><span class='ocrx_word' id='word_1_93' title='bbox 237 1093 244 1098; x_wconf 86' lang='lat'><strong>·</strong></span> <span class='ocrx_word' id='word_1_94' title='bbox 273 1076 372 1133; x_wconf 85' lang='lat' dir='ltr'>Ad</span> <span class='ocrx_word' id='word_1_95' title='bbox 402 1076 493 1131; x_wconf 88' lang='lat' dir='ltr'>hoc</span> <span class='ocrx_word' id='word_1_96' title='bbox 524 1090 718 1154; x_wconf 78' lang='lat' dir='ltr'>tempus</span> <span class='ocrx_word' id='word_1_97' title='bbox 746 1075 1036 1155; x_wconf 77' lang='lat' dir='ltr'>refirvaffi]</span> <span class='ocrx_word' id='word_1_98' title='bbox 1096 1074 1194 1134; x_wconf 85' lang='lat' dir='ltr'>etsl</span> <span class='ocrx_word' id='word_1_99' title='bbox 1223 1077 1410 1136; x_wconf 88' lang='lat' dir='ltr'>officia</span> <span class='ocrx_word' id='word_1_100' title='bbox 1440 1078 1753 1139; x_wconf 79' lang='lat' dir='ltr'>meminisse</span> <span class='ocrx_word' id='word_1_101' title='bbox 1786 1079 1952 1139; x_wconf 90' lang='lat' dir='ltr'>debet</span> <span class='ocrx_word' id='word_1_102' title='bbox 1997 1082 2040 1140; x_wconf 84' lang='lat' dir='ltr'>is</span> <span class='ocrx_word' id='word_1_103' title='bbox 2076 1124 2093 1150; x_wconf 92' lang='lat'>,</span> <span class='ocrx_word' id='word_1_104' title='bbox 2149 1083 2210 1142; x_wconf 88' lang='lat' dir='ltr'>in</span> 
     </span>
     <span class='ocr_line' id='line_1_12' title="bbox 195 1151 2213 1239; baseline 0.003 -30"><span class='ocrx_word' id='word_1_105' title='bbox 195 1167 375 1239; x_wconf 85' lang='lat' dir='ltr'>quem</span> <span class='ocrx_word' id='word_1_106' title='bbox 412 1151 609 1212; x_wconf 86' lang='lat' dir='ltr'>collata</span> <span class='ocrx_word' id='word_1_107' title='bbox 625 1153 781 1221; x_wconf 81' lang='lat' dir='ltr'>sunt3</span> <span class='ocrx_word' id='word_1_108' title='bbox 822 1171 940 1212; x_wconf 90' lang='lat' dir='ltr'>non</span> <span class='ocrx_word' id='word_1_109' title='bbox 961 1170 1451 1231; x_wconf 83' lang='lat' dir='ltr'>commemorare,</span> <span class='ocrx_word' id='word_1_110' title='bbox 1491 1156 1590 1232; x_wconf 90' lang='lat' dir='ltr'>qui</span> <span class='ocrx_word' id='word_1_111' title='bbox 1608 1157 1879 1223; x_wconf 87' lang='lat' dir='ltr'>contulit;</span> <span class='ocrx_word' id='word_1_112' title='bbox 1921 1159 2058 1216; x_wconf 90' lang='lat' dir='ltr'>utin</span> <span class='ocrx_word' id='word_1_113' title='bbox 2077 1158 2213 1215; x_wconf 89' lang='lat' dir='ltr'>Lae-</span> 
     </span>
     <span class='ocr_line' id='line_1_13' title="bbox 194 1226 2212 1313; baseline 0.001 -26"><span class='ocrx_word' id='word_1_114' title='bbox 194 1226 275 1287; x_wconf 88' lang='lat' dir='ltr'>ho</span> <span class='ocrx_word' id='word_1_115' title='bbox 310 1228 430 1287; x_wconf 80' lang='lat' dir='ltr'>Cic.</span> <span class='ocrx_word' id='word_1_116' title='bbox 473 1237 580 1285; x_wconf 85' lang='lat' dir='ltr'>Nec</span> <span class='ocrx_word' id='word_1_117' title='bbox 607 1230 743 1286; x_wconf 85' lang='lat' dir='ltr'>enim</span> <span class='ocrx_word' id='word_1_118' title='bbox 761 1272 778 1298; x_wconf 93' lang='lat'>‚</span> <span class='ocrx_word' id='word_1_119' title='bbox 818 1243 878 1286; x_wconf 83' lang='lat' dir='ltr'>ut</span> <span class='ocrx_word' id='word_1_120' title='bbox 911 1229 1041 1285; x_wconf 81' lang='lat' dir='ltr'>idem</span> <span class='ocrx_word' id='word_1_121' title='bbox 1071 1228 1130 1284; x_wconf 80' lang='lat' dir='ltr'>in</span> <span class='ocrx_word' id='word_1_122' title='bbox 1160 1230 1323 1286; x_wconf 81' lang='lat' dir='ltr'>eodem</span> <span class='ocrx_word' id='word_1_123' title='bbox 1341 1230 1512 1307; x_wconf 79' lang='lat' dir='ltr'>inquit</span> <span class='ocrx_word' id='word_1_124' title='bbox 1530 1274 1548 1301; x_wconf 89' lang='lat'><strong>,</strong></span> <span class='ocrx_word' id='word_1_125' title='bbox 1585 1232 1781 1304; x_wconf 85' lang='lat' dir='ltr'>benefici</span> <span class='ocrx_word' id='word_1_126' title='bbox 1797 1233 2212 1313; x_wconf 80' lang='lat' dir='ltr'>liberalesquesu-</span> 
     </span>
     <span class='ocr_line' id='line_1_14' title="bbox 197 1305 2211 1393; baseline 0.002 -32"><span class='ocrx_word' id='word_1_127' title='bbox 197 1323 314 1375; x_wconf 65' lang='lat' dir='ltr'>mus</span> <span class='ocrx_word' id='word_1_128' title='bbox 332 1347 348 1374; x_wconf 92' lang='lat'>,</span> <span class='ocrx_word' id='word_1_129' title='bbox 388 1319 450 1373; x_wconf 71' lang='lat' dir='ltr'>ut</span> <span class='ocrx_word' id='word_1_130' title='bbox 481 1305 741 1380; x_wconf 80' lang='lat' dir='ltr'><em>exigamus</em></span> <span class='ocrx_word' id='word_1_131' title='bbox 764 1305 1027 1380; x_wconf 80' lang='lat' dir='ltr'>gratiam;</span> <span class='ocrx_word' id='word_1_132' title='bbox 1069 1306 1203 1393; x_wconf 75' lang='lat' dir='ltr'>quod</span> <span class='ocrx_word' id='word_1_133' title='bbox 1231 1305 1517 1379; x_wconf 69' lang='lat' dir='ltr'>beneficium</span> <span class='ocrx_word' id='word_1_134' title='bbox 1535 1305 1947 1381; x_wconf 76' lang='lat' dir='ltr'>nonfineramur</span> <span class='ocrx_word' id='word_1_135' title='bbox 1962 1351 1978 1378; x_wconf 92' lang='lat'>,</span> <span class='ocrx_word' id='word_1_136' title='bbox 2006 1311 2098 1385; x_wconf 86' lang='lat' dir='ltr'>sed</span> <span class='ocrx_word' id='word_1_137' title='bbox 2113 1330 2211 1366; x_wconf 88' lang='lat' dir='ltr'>na-</span> 
     </span>
     <span class='ocr_line' id='line_1_15' title="bbox 197 1380 2218 1462; baseline 0.003 -25"><span class='ocrx_word' id='word_1_138' title='bbox 197 1394 324 1437; x_wconf 82' lang='lat' dir='ltr'>tura</span> <span class='ocrx_word' id='word_1_139' title='bbox 346 1381 571 1462; x_wconf 58' lang='lat' dir='ltr'>proptnfi</span> <span class='ocrx_word' id='word_1_140' title='bbox 597 1381 667 1442; x_wconf 76' lang='lat' dir='ltr'>ad</span> <span class='ocrx_word' id='word_1_141' title='bbox 697 1380 1048 1438; x_wconf 77' lang='lat' dir='ltr'><em>liberalitatem</em></span> <span class='ocrx_word' id='word_1_142' title='bbox 1071 1380 1260 1457; x_wconf 84' lang='lat' dir='ltr'><em>sumus</em></span> <span class='ocrx_word' id='word_1_143' title='bbox 1280 1392 1507 1440; x_wconf 89' lang='lat' dir='ltr'>:tamen</span> <span class='ocrx_word' id='word_1_144' title='bbox 1538 1384 1667 1459; x_wconf 86' lang='lat' dir='ltr'>quia</span> <span class='ocrx_word' id='word_1_145' title='bbox 1702 1384 2037 1448; x_wconf 82' lang='lat' dir='ltr'>beneficium</span> <span class='ocrx_word' id='word_1_146' title='bbox 2061 1385 2218 1453; x_wconf 70' lang='lat' dir='ltr'>dare,</span> 
     </span>
     <span class='ocr_line' id='line_1_16' title="bbox 198 1451 2207 1526; baseline 0.002 -11"><span class='ocrx_word' id='word_1_147' title='bbox 198 1454 403 1526; x_wconf 85' lang='lat' dir='ltr'>docere</span> <span class='ocrx_word' id='word_1_148' title='bbox 434 1458 509 1515; x_wconf 90' lang='lat' dir='ltr'>est</span> <span class='ocrx_word' id='word_1_149' title='bbox 541 1455 770 1515; x_wconf 85' lang='lat' dir='ltr'>reddere</span> <span class='ocrx_word' id='word_1_150' title='bbox 802 1478 819 1523; x_wconf 89' lang='lat'>;</span> <span class='ocrx_word' id='word_1_151' title='bbox 861 1467 925 1516; x_wconf 91' lang='lat' dir='ltr'>ut</span> <span class='ocrx_word' id='word_1_152' title='bbox 957 1456 1016 1514; x_wconf 90' lang='lat' dir='ltr'>P.</span> <span class='ocrx_word' id='word_1_153' title='bbox 1049 1457 1106 1514; x_wconf 85' lang='lat' dir='ltr'>in</span> <span class='ocrx_word' id='word_1_154' title='bbox 1140 1458 1338 1516; x_wconf 86' lang='lat' dir='ltr'>Mimis</span> <span class='ocrx_word' id='word_1_155' title='bbox 1371 1478 1389 1524; x_wconf 78' lang='lat'><em>3</em></span> <span class='ocrx_word' id='word_1_156' title='bbox 1433 1460 1493 1516; x_wconf 90' lang='lat'>&amp;</span> <span class='ocrx_word' id='word_1_157' title='bbox 1524 1458 1637 1517; x_wconf 86' lang='lat' dir='ltr'>fine</span> <span class='ocrx_word' id='word_1_158' title='bbox 1670 1459 1732 1518; x_wconf 85' lang='lat' dir='ltr'>iis</span> <span class='ocrx_word' id='word_1_159' title='bbox 1765 1461 1971 1524; x_wconf 87' lang='lat' dir='ltr'>mutuis</span> <span class='ocrx_word' id='word_1_160' title='bbox 2006 1451 2207 1522; x_wconf 81' lang='lat' dir='ltr'>officiis</span> 
     </span>
     <span class='ocr_line' id='line_1_17' title="bbox 195 1530 2209 1613; baseline 0.002 -21"><span class='ocrx_word' id='word_1_161' title='bbox 195 1532 498 1596; x_wconf 85' lang='lat' dir='ltr'>hominum</span> <span class='ocrx_word' id='word_1_162' title='bbox 533 1533 762 1592; x_wconf 85' lang='lat' dir='ltr'>societas</span> <span class='ocrx_word' id='word_1_163' title='bbox 789 1530 988 1592; x_wconf 90' lang='lat' dir='ltr'>servari</span> <span class='ocrx_word' id='word_1_164' title='bbox 1022 1550 1139 1591; x_wconf 90' lang='lat' dir='ltr'>non</span> <span class='ocrx_word' id='word_1_165' title='bbox 1172 1532 1353 1610; x_wconf 80' lang='lat' dir='ltr'>pofl&#39;et</span> <span class='ocrx_word' id='word_1_166' title='bbox 1388 1576 1406 1603; x_wconf 90' lang='lat'><strong>,</strong></span> <span class='ocrx_word' id='word_1_167' title='bbox 1460 1533 1591 1592; x_wconf 89' lang='lat' dir='ltr'>ideo</span> <span class='ocrx_word' id='word_1_168' title='bbox 1621 1553 1740 1594; x_wconf 90' lang='lat' dir='ltr'>non</span> <span class='ocrx_word' id='word_1_169' title='bbox 1771 1536 2029 1613; x_wconf 84' lang='lat' dir='ltr'>iniquum</span> <span class='ocrx_word' id='word_1_170' title='bbox 2079 1539 2154 1596; x_wconf 90' lang='lat' dir='ltr'>est</span> <span class='ocrx_word' id='word_1_171' title='bbox 2188 1579 2209 1607; x_wconf 90' lang='lat'><strong><em>,</em></strong></span> 
     </span>
     <span class='ocr_line' id='line_1_18' title="bbox 197 1608 2206 1687; baseline 0.003 -21"><span class='ocrx_word' id='word_1_172' title='bbox 197 1625 331 1678; x_wconf 84' lang='lat' dir='ltr'>cum</span> <span class='ocrx_word' id='word_1_173' title='bbox 364 1628 523 1686; x_wconf 80' lang='lat' dir='ltr'>egeas</span> <span class='ocrx_word' id='word_1_174' title='bbox 553 1609 622 1669; x_wconf 88' lang='lat' dir='ltr'>ab</span> <span class='ocrx_word' id='word_1_175' title='bbox 656 1627 729 1667; x_wconf 90' lang='lat' dir='ltr'>eo</span> <span class='ocrx_word' id='word_1_176' title='bbox 761 1612 987 1685; x_wconf 76' lang='lat' dir='ltr'>petere,</span> <span class='ocrx_word' id='word_1_177' title='bbox 1028 1608 1098 1668; x_wconf 90' lang='lat' dir='ltr'>de</span> <span class='ocrx_word' id='word_1_178' title='bbox 1130 1628 1248 1687; x_wconf 91' lang='lat' dir='ltr'>quo</span> <span class='ocrx_word' id='word_1_179' title='bbox 1277 1609 1421 1668; x_wconf 89' lang='lat' dir='ltr'>bene</span> <span class='ocrx_word' id='word_1_180' title='bbox 1451 1611 1677 1670; x_wconf 84' lang='lat' dir='ltr'>meritus</span> <span class='ocrx_word' id='word_1_181' title='bbox 1704 1612 1768 1671; x_wconf 86' lang='lat' dir='ltr'>fis</span> <span class='ocrx_word' id='word_1_182' title='bbox 1788 1655 1805 1681; x_wconf 93' lang='lat'>‚</span> <span class='ocrx_word' id='word_1_183' title='bbox 1846 1613 1907 1671; x_wconf 74' lang='grc' dir='ltr'>δε</span> <span class='ocrx_word' id='word_1_184' title='bbox 1934 1612 2003 1671; x_wconf 87' lang='lat' dir='ltr'>ad</span> <span class='ocrx_word' id='word_1_185' title='bbox 2044 1609 2206 1674; x_wconf 79' lang='lat' dir='ltr'>illum</span> 
     </span>
     <span class='ocr_line' id='line_1_19' title="bbox 196 1685 2210 1756; baseline 0.001 -11"><span class='ocrx_word' id='word_1_186' title='bbox 196 1685 557 1746; x_wconf 83' lang='lat' dir='ltr'>excitandum</span> <span class='ocrx_word' id='word_1_187' title='bbox 592 1729 610 1756; x_wconf 90' lang='lat'><strong>,</strong></span> <span class='ocrx_word' id='word_1_188' title='bbox 650 1687 821 1744; x_wconf 89' lang='lat' dir='ltr'>etiam</span> <span class='ocrx_word' id='word_1_189' title='bbox 854 1685 1012 1744; x_wconf 88' lang='lat' dir='ltr'>fateri</span> <span class='ocrx_word' id='word_1_190' title='bbox 1044 1727 1062 1753; x_wconf 92' lang='lat'><em>‚</em></span> <span class='ocrx_word' id='word_1_191' title='bbox 1100 1696 1158 1743; x_wconf 86' lang='lat' dir='ltr'>te</span> <span class='ocrx_word' id='word_1_192' title='bbox 1192 1686 1260 1745; x_wconf 86' lang='lat' dir='ltr'>ab</span> <span class='ocrx_word' id='word_1_193' title='bbox 1292 1703 1365 1744; x_wconf 91' lang='lat' dir='ltr'>eo</span> <span class='ocrx_word' id='word_1_194' title='bbox 1396 1686 1468 1744; x_wconf 89' lang='lat' dir='ltr'>ali</span> <span class='ocrx_word' id='word_1_195' title='bbox 1510 1686 1605 1745; x_wconf 88' lang='lat' dir='ltr'>uid</span> <span class='ocrx_word' id='word_1_196' title='bbox 1636 1689 1745 1747; x_wconf 80' lang='lat' dir='ltr'>tale</span> <span class='ocrx_word' id='word_1_197' title='bbox 1777 1689 1848 1747; x_wconf 86' lang='lat' dir='ltr'>ali</span> <span class='ocrx_word' id='word_1_198' title='bbox 1890 1689 2210 1751; x_wconf 31' lang='lat' dir='ltr'>nandolex-</span> 
     </span>
     <span class='ocr_line' id='line_1_20' title="bbox 196 1760 2210 1841; baseline 0.002 -21"><span class='ocrx_word' id='word_1_199' title='bbox 196 1761 433 1840; x_wconf 65' lang='lat' dir='ltr'>pestaffe</span> <span class='ocrx_word' id='word_1_200' title='bbox 465 1785 485 1831; x_wconf 81' lang='lat'><em>3</em></span> <span class='ocrx_word' id='word_1_201' title='bbox 528 1780 716 1839; x_wconf 90' lang='lat' dir='ltr'>eoque</span> <span class='ocrx_word' id='word_1_202' title='bbox 751 1762 961 1834; x_wconf 86' lang='lat' dir='ltr'>magis,</span> <span class='ocrx_word' id='word_1_203' title='bbox 1002 1760 1076 1830; x_wconf 87' lang='lat' dir='ltr'>fi,</span> <span class='ocrx_word' id='word_1_204' title='bbox 1115 1773 1179 1820; x_wconf 91' lang='lat' dir='ltr'>ut</span> <span class='ocrx_word' id='word_1_205' title='bbox 1210 1780 1348 1821; x_wconf 85' lang='lat' dir='ltr'>mox</span> <span class='ocrx_word' id='word_1_206' title='bbox 1378 1760 1473 1819; x_wconf 88' lang='lat' dir='ltr'>sub</span> <span class='ocrx_word' id='word_1_207' title='bbox 1514 1774 1569 1819; x_wconf 87' lang='lat' dir='ltr'>et</span> <span class='ocrx_word' id='word_1_208' title='bbox 1600 1803 1618 1831; x_wconf 91' lang='lat'><strong>,</strong></span> <span class='ocrx_word' id='word_1_209' title='bbox 1657 1765 1757 1841; x_wconf 91' lang='lat' dir='ltr'>qui</span> <span class='ocrx_word' id='word_1_210' title='bbox 1790 1782 1867 1822; x_wconf 93' lang='lat' dir='ltr'>no</span> <span class='ocrx_word' id='word_1_211' title='bbox 1907 1766 1949 1822; x_wconf 91' lang='lat' dir='ltr'>is</span> <span class='ocrx_word' id='word_1_212' title='bbox 1981 1766 2210 1840; x_wconf 83' lang='lat' dir='ltr'>obligati</span> 
     </span>
     <span class='ocr_line' id='line_1_21' title="bbox 196 1827 2227 1972; baseline 0.003 -76"><span class='ocrx_word' id='word_1_213' title='bbox 196 1850 361 1972; x_wconf 56' lang='lat' dir='ltr'>ergnt</span> <span class='ocrx_word' id='word_1_214' title='bbox 378 1882 394 1909; x_wconf 92' lang='lat'>,</span> <span class='ocrx_word' id='word_1_215' title='bbox 433 1840 510 1900; x_wconf 88' lang='lat' dir='ltr'>ita</span> <span class='ocrx_word' id='word_1_216' title='bbox 539 1827 881 1914; x_wconf 68' lang='lat' dir='ltr'>rogabuntfir</span> <span class='ocrx_word' id='word_1_217' title='bbox 896 1879 914 1908; x_wconf 88' lang='lat'>,</span> <span class='ocrx_word' id='word_1_218' title='bbox 954 1836 1107 1916; x_wconf 88' lang='lat' dir='ltr'>quafi</span> <span class='ocrx_word' id='word_1_219' title='bbox 1134 1838 1199 1898; x_wconf 89' lang='lat' dir='ltr'>iis</span> <span class='ocrx_word' id='word_1_220' title='bbox 1228 1837 1463 1897; x_wconf 85' lang='lat' dir='ltr'>viciffim</span> <span class='ocrx_word' id='word_1_221' title='bbox 1494 1855 1598 1897; x_wconf 88' lang='lat' dir='ltr'>nos</span> <span class='ocrx_word' id='word_1_222' title='bbox 1615 1840 1842 1917; x_wconf 78' lang='lat' dir='ltr'>ob‘ligari</span> <span class='ocrx_word' id='word_1_223' title='bbox 1855 1839 2038 1900; x_wconf 89' lang='lat' dir='ltr'>adhuc</span> <span class='ocrx_word' id='word_1_224' title='bbox 2053 1840 2227 1922; x_wconf 27' lang='lat' dir='ltr'>posse,</span> 
     </span>
     <span class='ocr_line' id='line_1_22' title="bbox 196 1930 2058 1975; baseline -0.001 -2"><span class='ocrx_word' id='word_1_225' title='bbox 196 1930 260 1973; x_wconf 82' lang='lat' dir='ltr'>vi</span> <span class='ocrx_word' id='word_1_226' title='bbox 299 1934 509 1975; x_wconf 84' lang='lat' dir='ltr'>camur.</span> <span class='ocrx_word' id='word_1_227' title='bbox 2052 1961 2058 1972; x_wconf 69' lang='grc'><strong>,</strong></span> 
     </span>
    </p>

    <p class='ocr_par' dir='ltr' id='par_1_6' title="bbox 194 1988 2243 2375">
     <span class='ocr_line' id='line_1_23' title="bbox 274 1988 2209 2072; baseline 0.001 -24"><span class='ocrx_word' id='word_1_228' title='bbox 274 1992 366 2048; x_wconf 81' lang='lat' dir='ltr'>Sed</span> <span class='ocrx_word' id='word_1_229' title='bbox 397 1994 636 2070; x_wconf 82' lang='lat' dir='ltr'>quoniam</span> <span class='ocrx_word' id='word_1_230' title='bbox 667 1992 832 2050; x_wconf 85' lang='lat' dir='ltr'>tribus</span> <span class='ocrx_word' id='word_1_231' title='bbox 862 1989 1005 2060; x_wconf 78' lang='lat' dir='ltr'>rebus</span> <span class='ocrx_word' id='word_1_232' title='bbox 1035 1988 1288 2072; x_wconf 82' lang='lat' dir='ltr'>homines]</span> <span class='ocrx_word' id='word_1_233' title='bbox 1329 1990 1528 2050; x_wconf 87' lang='lat' dir='ltr'>dividit</span> <span class='ocrx_word' id='word_1_234' title='bbox 1540 1992 1815 2052; x_wconf 87' lang='lat' dir='ltr'>rationem</span> <span class='ocrx_word' id='word_1_235' title='bbox 1833 1991 2093 2069; x_wconf 84' lang='lat' dir='ltr'>parandae</span> <span class='ocrx_word' id='word_1_236' title='bbox 2108 1990 2209 2049; x_wconf 92' lang='lat' dir='ltr'>be-</span> 
     </span>
     <span class='ocr_line' id='line_1_24' title="bbox 196 2067 2243 2146; baseline 0.001 -19"><span class='ocrx_word' id='word_1_237' title='bbox 196 2069 540 2141; x_wconf 72' lang='lat' dir='ltr'>nevolentiae</span> <span class='ocrx_word' id='word_1_238' title='bbox 561 2112 578 2146; x_wconf 74' lang='lat'>‚</span> <span class='ocrx_word' id='word_1_239' title='bbox 618 2069 688 2140; x_wconf 85' lang='lat' dir='ltr'>de</span> <span class='ocrx_word' id='word_1_240' title='bbox 721 2087 831 2146; x_wconf 69' lang='lat' dir='ltr'>qua</span> <span class='ocrx_word' id='word_1_241' title='bbox 865 2068 1020 2143; x_wconf 70' lang='lat' dir='ltr'>supra</span> <span class='ocrx_word' id='word_1_242' title='bbox 1055 2067 1335 2138; x_wconf 74' lang='lat' dir='ltr'>confusius</span> <span class='ocrx_word' id='word_1_243' title='bbox 1353 2079 1568 2143; x_wconf 80' lang='lat' dir='ltr'>egerat:</span> <span class='ocrx_word' id='word_1_244' title='bbox 1611 2070 1957 2146; x_wconf 86' lang='lat' dir='ltr'>&amp;triplicem</span> <span class='ocrx_word' id='word_1_245' title='bbox 1977 2086 2102 2127; x_wconf 89' lang='lat' dir='ltr'>eam</span> <span class='ocrx_word' id='word_1_246' title='bbox 2124 2069 2206 2127; x_wconf 87' lang='lat' dir='ltr'>fa·</span> <span class='ocrx_word' id='word_1_247' title='bbox 2234 2115 2243 2130; x_wconf 31' lang='lat' dir='ltr'>t</span> 
     </span>
     <span class='ocr_line' id='line_1_25' title="bbox 194 2144 2207 2222; baseline 0 -19"><span class='ocrx_word' id='word_1_248' title='bbox 194 2144 274 2203; x_wconf 90' lang='lat' dir='ltr'>cit</span> <span class='ocrx_word' id='word_1_249' title='bbox 293 2186 310 2217; x_wconf 76' lang='lat'><strong>,</strong></span> <span class='ocrx_word' id='word_1_250' title='bbox 351 2156 445 2214; x_wconf 80' lang='lat' dir='ltr'>aut</span> <span class='ocrx_word' id='word_1_251' title='bbox 476 2146 534 2204; x_wconf 90' lang='lat' dir='ltr'>in</span> <span class='ocrx_word' id='word_1_252' title='bbox 566 2144 749 2205; x_wconf 69' lang='lat' dir='ltr'>frustu</span> <span class='ocrx_word' id='word_1_253' title='bbox 781 2145 1194 2222; x_wconf 76' lang='lat' dir='ltr'>praeteritorum</span> <span class='ocrx_word' id='word_1_254' title='bbox 1214 2184 1232 2212; x_wconf 89' lang='lat'><strong>,</strong></span> <span class='ocrx_word' id='word_1_255' title='bbox 1271 2156 1368 2203; x_wconf 89' lang='lat' dir='ltr'>aut</span> <span class='ocrx_word' id='word_1_256' title='bbox 1398 2145 1456 2202; x_wconf 90' lang='lat' dir='ltr'>in</span> <span class='ocrx_word' id='word_1_257' title='bbox 1487 2144 1579 2219; x_wconf 90' lang='lat' dir='ltr'>spe</span> <span class='ocrx_word' id='word_1_258' title='bbox 1611 2146 1925 2204; x_wconf 87' lang='lat' dir='ltr'>futurorum</span> <span class='ocrx_word' id='word_1_259' title='bbox 1961 2186 1979 2214; x_wconf 92' lang='lat'>‚</span> <span class='ocrx_word' id='word_1_260' title='bbox 2018 2156 2114 2203; x_wconf 84' lang='lat' dir='ltr'>aut</span> <span class='ocrx_word' id='word_1_261' title='bbox 2146 2145 2207 2203; x_wconf 89' lang='lat' dir='ltr'>in</span> 
     </span>
     <span class='ocr_line' id='line_1_26' title="bbox 195 2219 2207 2292; baseline -0 -12"><span class='ocrx_word' id='word_1_262' title='bbox 195 2222 518 2281; x_wconf 85' lang='lat' dir='ltr'>animorum</span> <span class='ocrx_word' id='word_1_263' title='bbox 550 2222 924 2282; x_wconf 88' lang='lat' dir='ltr'>fimilitudine.</span> <span class='ocrx_word' id='word_1_264' title='bbox 1003 2219 1143 2279; x_wconf 79' lang='lat' dir='ltr'>nlud</span> <span class='ocrx_word' id='word_1_265' title='bbox 1176 2221 1402 2280; x_wconf 86' lang='lat' dir='ltr'>interim</span> <span class='ocrx_word' id='word_1_266' title='bbox 1434 2221 1718 2282; x_wconf 88' lang='lat' dir='ltr'>sciendum</span> <span class='ocrx_word' id='word_1_267' title='bbox 1740 2266 1755 2292; x_wconf 92' lang='lat'><strong>,</strong></span> <span class='ocrx_word' id='word_1_268' title='bbox 1793 2241 1911 2281; x_wconf 91' lang='lat' dir='ltr'>non</span> <span class='ocrx_word' id='word_1_269' title='bbox 1945 2219 2052 2280; x_wconf 79' lang='lat' dir='ltr'>effe</span> <span class='ocrx_word' id='word_1_270' title='bbox 2073 2241 2207 2280; x_wconf 87' lang='lat' dir='ltr'>ean-</span> 
     </span>
     <span class='ocr_line' id='line_1_27' title="bbox 195 2296 2208 2375; baseline -0.001 -18"><span class='ocrx_word' id='word_1_271' title='bbox 195 2297 327 2357; x_wconf 87' lang='lat' dir='ltr'>dem</span> <span class='ocrx_word' id='word_1_272' title='bbox 359 2298 812 2358; x_wconf 84' lang='lat' dir='ltr'>benevolentiam</span> <span class='ocrx_word' id='word_1_273' title='bbox 849 2300 909 2371; x_wconf 68' lang='lat'>8&lt;</span> <span class='ocrx_word' id='word_1_274' title='bbox 938 2298 1242 2360; x_wconf 82' lang='lat' dir='ltr'>amicitiam</span> <span class='ocrx_word' id='word_1_275' title='bbox 1263 2341 1280 2367; x_wconf 91' lang='lat'>‚</span> <span class='ocrx_word' id='word_1_276' title='bbox 1318 2298 1449 2364; x_wconf 86' lang='lat' dir='ltr'>licet</span> <span class='ocrx_word' id='word_1_277' title='bbox 1478 2299 1742 2358; x_wconf 74' lang='lat' dir='ltr'>amiciti-ae</span> <span class='ocrx_word' id='word_1_278' title='bbox 1774 2299 2108 2375; x_wconf 82' lang='lat' dir='ltr'>principium</span> <span class='ocrx_word' id='word_1_279' title='bbox 2143 2296 2208 2355; x_wconf 67' lang='lat' dir='ltr'>sifi</span> 
     </span>
    </p>

    <p class='ocr_par' dir='ltr' id='par_1_7' title="bbox 151 2372 2205 2449">
     <span class='ocr_line' id='line_1_28' title="bbox 151 2372 2205 2449; baseline 0 -17"><span class='ocrx_word' id='word_1_280' title='bbox 151 2434 162 2439; x_wconf 57' lang='lat'><em>,</em></span> <span class='ocrx_word' id='word_1_281' title='bbox 192 2374 587 2435; x_wconf 84' lang='lat' dir='ltr'>benevolentia</span> <span class='ocrx_word' id='word_1_282' title='bbox 623 2399 640 2445; x_wconf 90' lang='lat'>;</span> <span class='ocrx_word' id='word_1_283' title='bbox 682 2393 790 2433; x_wconf 89' lang='lat' dir='ltr'>nec</span> <span class='ocrx_word' id='word_1_284' title='bbox 825 2374 1052 2433; x_wconf 88' lang='lat' dir='ltr'>eosdem</span> <span class='ocrx_word' id='word_1_285' title='bbox 1083 2373 1392 2432; x_wconf 89' lang='lat' dir='ltr'>benevolos</span> <span class='ocrx_word' id='word_1_286' title='bbox 1424 2376 1483 2431; x_wconf 87' lang='lat'>&amp;</span> <span class='ocrx_word' id='word_1_287' title='bbox 1515 2375 1727 2434; x_wconf 85' lang='lat' dir='ltr'>amicos</span> <span class='ocrx_word' id='word_1_288' title='bbox 1764 2394 1778 2430; x_wconf 74' lang='grc' dir='ltr'>ε</span> <span class='ocrx_word' id='word_1_289' title='bbox 1817 2374 1888 2432; x_wconf 92' lang='lat' dir='ltr'>de</span> <span class='ocrx_word' id='word_1_290' title='bbox 1920 2390 2036 2449; x_wconf 89' lang='lat' dir='ltr'>quo</span> <span class='ocrx_word' id='word_1_291' title='bbox 2072 2372 2205 2432; x_wconf 81' lang='lat' dir='ltr'>vide</span> 
     </span>
    </p>
   </div>
   <div class='ocr_carea' id='block_1_3' title="bbox 197 2442 2206 2601">
    <p class='ocr_par' dir='ltr' id='par_1_8' title="bbox 197 2442 2206 2601">
     <span class='ocr_line' id='line_1_29' title="bbox 197 2442 1220 2526; baseline -0.003 -19"><span class='ocrx_word' id='word_1_292' title='bbox 197 2449 423 2519; x_wconf 85' lang='lat' dir='ltr'>Aristot.</span> <span class='ocrx_word' id='word_1_293' title='bbox 455 2442 546 2510; x_wconf 79' lang='lat' dir='ltr'>lib.</span> <span class='ocrx_word' id='word_1_294' title='bbox 583 2452 636 2508; x_wconf 85' lang='lat'>8.</span> <span class='ocrx_word' id='word_1_295' title='bbox 670 2452 730 2509; x_wconf 88' lang='lat'>&amp;</span> <span class='ocrx_word' id='word_1_296' title='bbox 763 2468 816 2526; x_wconf 87' lang='lat'>9.</span> <span class='ocrx_word' id='word_1_297' title='bbox 852 2449 921 2507; x_wconf 91' lang='lat' dir='ltr'>de</span> <span class='ocrx_word' id='word_1_298' title='bbox 955 2449 1220 2521; x_wconf 86' lang='lat' dir='ltr'>moribus.</span> 
     </span>
     <span class='ocr_line' id='line_1_30' title="bbox 275 2522 2206 2601; baseline 0 -18"><span class='ocrx_word' id='word_1_299' title='bbox 275 2528 360 2584; x_wconf 81' lang='lat' dir='ltr'>Vel</span> <span class='ocrx_word' id='word_1_300' title='bbox 388 2528 662 2585; x_wconf 82' lang='lat' dir='ltr'>voluntate</span> <span class='ocrx_word' id='word_1_301' title='bbox 732 2527 1154 2600; x_wconf 78' lang='lat' dir='ltr'>interpretatur,</span> <span class='ocrx_word' id='word_1_302' title='bbox 1192 2524 1330 2601; x_wconf 88' lang='lat' dir='ltr'>quid</span> <span class='ocrx_word' id='word_1_303' title='bbox 1359 2523 1423 2581; x_wconf 84' lang='lat' dir='ltr'>fit</span> <span class='ocrx_word' id='word_1_304' title='bbox 1438 2526 1612 2582; x_wconf 86' lang='lat' dir='ltr'>animi</span> <span class='ocrx_word' id='word_1_305' title='bbox 1630 2522 1989 2600; x_wconf 50' lang='lat' dir='ltr'>adjunctione</span> <span class='ocrx_word' id='word_1_306' title='bbox 2004 2523 2206 2583; x_wconf 77' lang='lat' dir='ltr'>adduci</span> 
     </span>
    </p>
   </div>
   <div class='ocr_carea' id='block_1_4' title="bbox 179 2598 2213 3963">
    <p class='ocr_par' dir='ltr' id='par_1_9' title="bbox 185 2598 2206 2831">
     <span class='ocr_line' id='line_1_31' title="bbox 185 2598 2206 2678; baseline -0.002 -17"><span class='ocrx_word' id='word_1_307' title='bbox 185 2602 267 2661; x_wconf 84' lang='lat' dir='ltr'>ad</span> <span class='ocrx_word' id='word_1_308' title='bbox 296 2603 625 2678; x_wconf 88' lang='lat' dir='ltr'>suffragandi</span> <span class='ocrx_word' id='word_1_309' title='bbox 704 2600 896 2659; x_wconf 85' lang='lat' dir='ltr'>udium&#39;</span> <span class='ocrx_word' id='word_1_310' title='bbox 933 2643 950 2668; x_wconf 92' lang='lat'>,</span> <span class='ocrx_word' id='word_1_311' title='bbox 989 2618 1196 2675; x_wconf 89' lang='lat' dir='ltr'>nempe</span> <span class='ocrx_word' id='word_1_312' title='bbox 1227 2602 1521 2665; x_wconf 71' lang='lat' dir='ltr'>voluntate</span> <span class='ocrx_word' id='word_1_313' title='bbox 1559 2641 1577 2669; x_wconf 92' lang='lat'>‚</span> <span class='ocrx_word' id='word_1_314' title='bbox 1629 2598 1785 2676; x_wconf 90' lang='lat' dir='ltr'>quod</span> <span class='ocrx_word' id='word_1_315' title='bbox 1816 2616 1935 2658; x_wconf 89' lang='lat' dir='ltr'>non</span> <span class='ocrx_word' id='word_1_316' title='bbox 1967 2601 2206 2659; x_wconf 87' lang='lat' dir='ltr'>utilitate</span> 
     </span>
     <span class='ocr_line' id='line_1_32' title="bbox 193 2675 2206 2754; baseline -0.001 -17"><span class='ocrx_word' id='word_1_317' title='bbox 193 2679 305 2738; x_wconf 84' lang='lat' dir='ltr'>ulla</span> <span class='ocrx_word' id='word_1_318' title='bbox 339 2692 672 2753; x_wconf 79' lang='lat' dir='ltr'>moveatur,</span> <span class='ocrx_word' id='word_1_319' title='bbox 711 2676 804 2747; x_wconf 83' lang='lat' dir='ltr'>sed</span> <span class='ocrx_word' id='word_1_320' title='bbox 831 2677 1014 2746; x_wconf 79' lang='lat' dir='ltr'>libera</span> <span class='ocrx_word' id='word_1_321' title='bbox 1029 2676 1272 2754; x_wconf 86' lang='lat' dir='ltr'>quadam</span> <span class='ocrx_word' id='word_1_322' title='bbox 1306 2678 1480 2735; x_wconf 88' lang='lat' dir='ltr'>animi</span> <span class='ocrx_word' id='word_1_323' title='bbox 1509 2675 1917 2752; x_wconf 80' lang='lat' dir='ltr'>propensione:</span> <span class='ocrx_word' id='word_1_324' title='bbox 1957 2675 2206 2752; x_wconf 81' lang='lat' dir='ltr'>ideoque</span> 
     </span>
     <span class='ocr_line' id='line_1_33' title="bbox 196 2751 2094 2831; baseline -0.006 -16"><span class='ocrx_word' id='word_1_325' title='bbox 196 2755 312 2815; x_wconf 90' lang='lat' dir='ltr'>hoc</span> <span class='ocrx_word' id='word_1_326' title='bbox 341 2773 515 2831; x_wconf 86' lang='lat' dir='ltr'>genus</span> <span class='ocrx_word' id='word_1_327' title='bbox 539 2754 846 2814; x_wconf 85' lang='lat' dir='ltr'>studiorum</span> <span class='ocrx_word' id='word_1_328' title='bbox 880 2753 1261 2825; x_wconf 78' lang='lat' dir='ltr'>voluntarium</span> <span class='ocrx_word' id='word_1_329' title='bbox 1294 2751 1553 2827; x_wconf 87' lang='lat' dir='ltr'>deinceps</span> <span class='ocrx_word' id='word_1_330' title='bbox 1584 2764 1833 2811; x_wconf 85' lang='lat' dir='ltr'>vocatur.</span> <span class='ocrx_word' id='word_1_331' title='bbox 2063 2752 2094 2803; x_wconf 82' lang='grc'>·-</span> 
     </span>
    </p>

    <p class='ocr_par' dir='ltr' id='par_1_10' title="bbox 191 2827 2213 3366">
     <span class='ocr_line' id='line_1_34' title="bbox 230 2827 2209 2908; baseline -0.002 -18"><span class='ocrx_word' id='word_1_332' title='bbox 230 2834 681 2907; x_wconf 54' lang='lat' dir='ltr'>Quemadmodum</span> <span class='ocrx_word' id='word_1_333' title='bbox 700 2831 872 2908; x_wconf 79' lang='lat' dir='ltr'>cuique</span> <span class='ocrx_word' id='word_1_334' title='bbox 887 2829 1069 2885; x_wconf 81' lang='lat' dir='ltr'>horum</span> <span class='ocrx_word' id='word_1_335' title='bbox 1079 2829 1243 2905; x_wconf 80' lang='lat' dir='ltr'>generi</span> <span class='ocrx_word' id='word_1_336' title='bbox 1246 2827 1323 2905; x_wconf 86' lang='lat' dir='ltr'>fit</span> <span class='ocrx_word' id='word_1_337' title='bbox 1333 2828 1737 2907; x_wconf 76' lang='lat' dir='ltr'>instrviendum]</span> <span class='ocrx_word' id='word_1_338' title='bbox 1758 2828 2056 2905; x_wconf 87' lang='lat' dir='ltr'>quomodo</span> <span class='ocrx_word' id='word_1_339' title='bbox 2074 2844 2209 2887; x_wconf 85' lang='lat' dir='ltr'>cum</span> 
     </span>
     <span class='ocr_line' id='line_1_35' title="bbox 191 2903 2211 2984; baseline -0.002 -20"><span class='ocrx_word' id='word_1_340' title='bbox 191 2906 413 2982; x_wconf 86' lang='lat' dir='ltr'>fingulis</span> <span class='ocrx_word' id='word_1_341' title='bbox 446 2908 724 2984; x_wconf 89' lang='lat' dir='ltr'>agendum</span> <span class='ocrx_word' id='word_1_342' title='bbox 745 2949 761 2976; x_wconf 92' lang='lat'>‚</span> <span class='ocrx_word' id='word_1_343' title='bbox 803 2914 868 2963; x_wconf 83' lang='lat' dir='ltr'>ut</span> <span class='ocrx_word' id='word_1_344' title='bbox 903 2922 1101 2963; x_wconf 86' lang='lat' dir='ltr'>eorum</span> <span class='ocrx_word' id='word_1_345' title='bbox 1135 2905 1295 2963; x_wconf 88' lang='lat' dir='ltr'>nobis</span> <span class='ocrx_word' id='word_1_346' title='bbox 1326 2905 1565 2962; x_wconf 90' lang='lat' dir='ltr'>studium</span> <span class='ocrx_word' id='word_1_347' title='bbox 1597 2922 2005 2981; x_wconf 82' lang='lat' dir='ltr'>comparemus.</span> <span class='ocrx_word' id='word_1_348' title='bbox 2046 2903 2211 2980; x_wconf 51' lang='lat' dir='ltr'>Inscta-</span> 
     </span>
     <span class='ocr_line' id='line_1_36' title="bbox 193 2980 2211 3063; baseline -0.001 -23"><span class='ocrx_word' id='word_1_349' title='bbox 193 2983 447 3047; x_wconf 80' lang='lat' dir='ltr'>viendum</span> <span class='ocrx_word' id='word_1_350' title='bbox 479 2985 650 3053; x_wconf 89' lang='lat' dir='ltr'>dicit,</span> <span class='ocrx_word' id='word_1_351' title='bbox 690 2981 847 3061; x_wconf 89' lang='lat' dir='ltr'>quod</span> <span class='ocrx_word' id='word_1_352' title='bbox 874 2998 1047 3063; x_wconf 88' lang='lat' dir='ltr'>genus</span> <span class='ocrx_word' id='word_1_353' title='bbox 1104 2980 1353 3039; x_wconf 87' lang='lat' dir='ltr'>uoddam</span> <span class='ocrx_word' id='word_1_354' title='bbox 1371 2981 1435 3038; x_wconf 88' lang='lat' dir='ltr'>fit</span> <span class='ocrx_word' id='word_1_355' title='bbox 1451 2981 1723 3039; x_wconf 86' lang='lat' dir='ltr'>servitutis</span> <span class='ocrx_word' id='word_1_356' title='bbox 1742 3024 1760 3051; x_wconf 91' lang='lat'>,</span> <span class='ocrx_word' id='word_1_357' title='bbox 1795 2993 1912 3040; x_wconf 87' lang='lat' dir='ltr'>tam</span> <span class='ocrx_word' id='word_1_358' title='bbox 1929 2981 2089 3039; x_wconf 86' lang='lat' dir='ltr'>variis</span> <span class='ocrx_word' id='word_1_359' title='bbox 2106 2999 2211 3038; x_wconf 88' lang='lat' dir='ltr'>vo-</span> 
     </span>
     <span class='ocr_line' id='line_1_37' title="bbox 197 3055 2207 3133; baseline -0.002 -15"><span class='ocrx_word' id='word_1_360' title='bbox 197 3058 498 3133; x_wconf 61' lang='lat' dir='ltr'>luntatibus</span> <span class='ocrx_word' id='word_1_361' title='bbox 533 3105 551 3132; x_wconf 91' lang='lat'><strong><em>‚</em></strong></span> <span class='ocrx_word' id='word_1_362' title='bbox 604 3059 722 3119; x_wconf 78' lang='lat' dir='ltr'>tam</span> <span class='ocrx_word' id='word_1_363' title='bbox 770 3058 1004 3119; x_wconf 87' lang='lat' dir='ltr'>diversas</span> <span class='ocrx_word' id='word_1_364' title='bbox 1037 3075 1074 3114; x_wconf 97' lang='lat' dir='ltr'>o</span> <span class='ocrx_word' id='word_1_365' title='bbox 1146 3055 1346 3116; x_wconf 85' lang='lat' dir='ltr'>cauffas</span> <span class='ocrx_word' id='word_1_366' title='bbox 1378 3057 1433 3116; x_wconf 90' lang='lat' dir='ltr'>se</span> <span class='ocrx_word' id='word_1_367' title='bbox 1466 3056 1915 3116; x_wconf 88' lang='lat' dir='ltr'>accommodare.</span> <span class='ocrx_word' id='word_1_368' title='bbox 1950 3057 2071 3114; x_wconf 86' lang='lat' dir='ltr'>Cic.</span> <span class='ocrx_word' id='word_1_369' title='bbox 2102 3074 2207 3131; x_wconf 92' lang='lat' dir='ltr'>pro</span> 
     </span>
     <span class='ocr_line' id='line_1_38' title="bbox 193 3132 2213 3211; baseline -0.001 -18"><span class='ocrx_word' id='word_1_370' title='bbox 193 3136 439 3211; x_wconf 74' lang='lat' dir='ltr'>Murena</span> <span class='ocrx_word' id='word_1_371' title='bbox 458 3132 474 3197; x_wconf 38' lang='lat'>:¹</span> <span class='ocrx_word' id='word_1_372' title='bbox 514 3136 646 3194; x_wconf 76' lang='lat' dir='ltr'>Huic</span> <span class='ocrx_word' id='word_1_373' title='bbox 677 3135 960 3211; x_wconf 80' lang='lat' dir='ltr'>inser-vias,</span> <span class='ocrx_word' id='word_1_374' title='bbox 997 3132 1113 3190; x_wconf 84' lang='lat' dir='ltr'>huic</span> <span class='ocrx_word' id='word_1_375' title='bbox 1146 3147 1194 3191; x_wconf 80' lang='lat' dir='ltr'>te</span> <span class='ocrx_word' id='word_1_376' title='bbox 1225 3134 1428 3207; x_wconf 82' lang='lat' dir='ltr'>ostentes</span> <span class='ocrx_word' id='word_1_377' title='bbox 1460 3146 1676 3209; x_wconf 85' lang='lat' dir='ltr'>oportet:</span> <span class='ocrx_word' id='word_1_378' title='bbox 1719 3135 1778 3191; x_wconf 65' lang='grc' dir='ltr'>ὃς</span> <span class='ocrx_word' id='word_1_379' title='bbox 1806 3151 1908 3208; x_wconf 91' lang='lat' dir='ltr'>pro</span> <span class='ocrx_word' id='word_1_380' title='bbox 1927 3132 2032 3189; x_wconf 87' lang='lat' dir='ltr'>Cn.</span> <span class='ocrx_word' id='word_1_381' title='bbox 2050 3132 2213 3190; x_wconf 80' lang='lat' dir='ltr'>Plan&#39;-</span> 
     </span>
     <span class='ocr_line' id='line_1_39' title="bbox 193 3208 2211 3302; baseline -0.002 -34"><span class='ocrx_word' id='word_1_382' title='bbox 193 3212 319 3271; x_wconf 83' lang='lat' dir='ltr'>cio:</span> <span class='ocrx_word' id='word_1_383' title='bbox 362 3214 560 3270; x_wconf 76' lang='lat' dir='ltr'>Ser-vire</span> <span class='ocrx_word' id='word_1_384' title='bbox 581 3213 787 3289; x_wconf 85' lang='lat' dir='ltr'>populo:</span> <span class='ocrx_word' id='word_1_385' title='bbox 831 3211 888 3268; x_wconf 74' lang='grc' dir='ltr'>ὅ(</span> <span class='ocrx_word' id='word_1_386' title='bbox 923 3210 981 3268; x_wconf 88' lang='lat' dir='ltr'>in</span> <span class='ocrx_word' id='word_1_387' title='bbox 1019 3228 1064 3266; x_wconf 92' lang='lat'>1.</span> <span class='ocrx_word' id='word_1_388' title='bbox 1096 3209 1194 3267; x_wconf 89' lang='lat' dir='ltr'>off.</span> <span class='ocrx_word' id='word_1_389' title='bbox 1220 3210 1381 3284; x_wconf 69' lang='lat' dir='ltr'>gloria</span> <span class='ocrx_word' id='word_1_390' title='bbox 1413 3208 1737 3286; x_wconf 81' lang='lat' dir='ltr'>cupiditatem</span> <span class='ocrx_word' id='word_1_391' title='bbox 1757 3252 1774 3278; x_wconf 94' lang='lat'><strong><em>‚</em></strong></span> <span class='ocrx_word' id='word_1_392' title='bbox 1812 3228 1916 3302; x_wconf 60' lang='grc' dir='ltr'>φα</span> <span class='ocrx_word' id='word_1_393' title='bbox 1932 3208 2101 3265; x_wconf 76' lang='lat' dir='ltr'>eadem</span> <span class='ocrx_word' id='word_1_394' title='bbox 2118 3209 2211 3280; x_wconf 69' lang='lat' dir='ltr'>esti,</span> 
     </span>
     <span class='ocr_line' id='line_1_40' title="bbox 194 3285 1992 3366; baseline -0.001 -24"><span class='ocrx_word' id='word_1_395' title='bbox 194 3307 304 3366; x_wconf 70' lang='lat' dir='ltr'>qua</span> <span class='ocrx_word' id='word_1_396' title='bbox 341 3306 407 3348; x_wconf 69' lang='grc' dir='ltr'>ω’</span> <span class='ocrx_word' id='word_1_397' title='bbox 438 3289 649 3358; x_wconf 83' lang='lat' dir='ltr'>ambitio</span> <span class='ocrx_word' id='word_1_398' title='bbox 669 3331 686 3357; x_wconf 92' lang='lat'><strong>‚</strong></span> <span class='ocrx_word' id='word_1_399' title='bbox 724 3287 793 3355; x_wconf 73' lang='lat' dir='ltr'>eft‘</span> <span class='ocrx_word' id='word_1_400' title='bbox 846 3305 897 3343; x_wconf 82' lang='lat' dir='ltr'>re</span> <span class='ocrx_word' id='word_1_401' title='bbox 935 3285 1070 3343; x_wconf 84' lang='lat' dir='ltr'>dixit</span> <span class='ocrx_word' id='word_1_402' title='bbox 1099 3285 1400 3342; x_wconf 77' lang='lat' dir='ltr'>libertatem.</span> <span class='ocrx_word' id='word_1_403' title='bbox 1987 3330 1992 3353; x_wconf 79' lang='grc'>,</span> 
     </span>
    </p>

    <p class='ocr_par' dir='ltr' id='par_1_11' title="bbox 179 3360 2208 3749">
     <span class='ocr_line' id='line_1_41' title="bbox 218 3360 2208 3437; baseline -0.001 -19"><span class='ocrx_word' id='word_1_404' title='bbox 218 3372 225 3381; x_wconf 80' lang='grc'><strong><em>’</em></strong></span> <span class='ocrx_word' id='word_1_405' title='bbox 277 3363 515 3421; x_wconf 80' lang='lat' dir='ltr'>Minimis</span> <span class='ocrx_word' id='word_1_406' title='bbox 543 3365 778 3435; x_wconf 81' lang='lat' dir='ltr'>beneficiis</span> <span class='ocrx_word' id='word_1_407' title='bbox 846 3362 916 3420; x_wconf 90' lang='lat' dir='ltr'>de</span> <span class='ocrx_word' id='word_1_408' title='bbox 947 3363 1125 3437; x_wconf 88' lang='lat' dir='ltr'>prima</span> <span class='ocrx_word' id='word_1_409' title='bbox 1157 3363 1408 3429; x_wconf 90' lang='lat' dir='ltr'>ratione,</span> <span class='ocrx_word' id='word_1_410' title='bbox 1450 3379 1581 3419; x_wconf 88' lang='lat' dir='ltr'>eum</span> <span class='ocrx_word' id='word_1_411' title='bbox 1611 3361 1756 3423; x_wconf 87' lang='lat' dir='ltr'>bene</span> <span class='ocrx_word' id='word_1_412' title='bbox 1787 3360 1999 3435; x_wconf 83' lang='lat' dir='ltr'>sperare</span> <span class='ocrx_word' id='word_1_413' title='bbox 2008 3360 2170 3435; x_wconf 87' lang='lat' dir='ltr'>jubet</span> <span class='ocrx_word' id='word_1_414' title='bbox 2189 3403 2208 3430; x_wconf 90' lang='lat'>‚</span> 
     </span>
     <span class='ocr_line' id='line_1_42' title="bbox 191 3434 2203 3514; baseline -0.003 -15"><span class='ocrx_word' id='word_1_415' title='bbox 191 3440 312 3499; x_wconf 86' lang='lat' dir='ltr'>hoc</span> <span class='ocrx_word' id='word_1_416' title='bbox 341 3456 553 3514; x_wconf 85' lang='lat' dir='ltr'>argum.</span> <span class='ocrx_word' id='word_1_417' title='bbox 592 3441 648 3499; x_wconf 91' lang='lat' dir='ltr'>Si</span> <span class='ocrx_word' id='word_1_418' title='bbox 679 3439 772 3498; x_wconf 88' lang='lat' dir='ltr'>alii</span> <span class='ocrx_word' id='word_1_419' title='bbox 803 3438 1100 3496; x_wconf 88' lang='lat' dir='ltr'>levioribus</span> <span class='ocrx_word' id='word_1_420' title='bbox 1132 3437 1413 3496; x_wconf 87' lang='lat' dir='ltr'>beneficiis</span> <span class='ocrx_word' id='word_1_421' title='bbox 1430 3437 1529 3495; x_wconf 87' lang='lat' dir='ltr'>fibi·</span> <span class='ocrx_word' id='word_1_422' title='bbox 1543 3437 1904 3514; x_wconf 78' lang='lat' dir='ltr'>persuadent,</span> <span class='ocrx_word' id='word_1_423' title='bbox 1946 3434 2203 3510; x_wconf 82' lang='lat' dir='ltr'>obligaffe</span> 
     </span>
     <span class='ocr_line' id='line_1_43' title="bbox 179 3500 2205 3589; baseline -0.002 -15"><span class='ocrx_word' id='word_1_424' title='bbox 179 3500 296 3574; x_wconf 74' lang='lat' dir='ltr'>‘fibi</span> <span class='ocrx_word' id='word_1_425' title='bbox 329 3516 586 3575; x_wconf 88' lang='lat' dir='ltr'>homines</span> <span class='ocrx_word' id='word_1_426' title='bbox 606 3559 621 3585; x_wconf 91' lang='lat'><strong>,</strong></span> <span class='ocrx_word' id='word_1_427' title='bbox 660 3527 723 3573; x_wconf 91' lang='lat' dir='ltr'>ut</span> <span class='ocrx_word' id='word_1_428' title='bbox 737 3514 1012 3589; x_wconf 84' lang='lat' dir='ltr'>suffragari</span> <span class='ocrx_word' id='word_1_429' title='bbox 1031 3513 1269 3572; x_wconf 80' lang='lat' dir='ltr'>debeant</span> <span class='ocrx_word' id='word_1_430' title='bbox 1288 3556 1304 3581; x_wconf 92' lang='lat'>,</span> <span class='ocrx_word' id='word_1_431' title='bbox 1346 3525 1559 3588; x_wconf 82' lang='lat' dir='ltr'>quanto</span> <span class='ocrx_word' id='word_1_432' title='bbox 1578 3514 1750 3588; x_wconf 79' lang='lat' dir='ltr'>magis</span> <span class='ocrx_word' id='word_1_433' title='bbox 1766 3525 1861 3580; x_wconf 90' lang='lat' dir='ltr'>tu,</span> <span class='ocrx_word' id='word_1_434' title='bbox 1900 3507 2065 3587; x_wconf 72' lang='lat' dir='ltr'>aqtfo</span> <span class='ocrx_word' id='word_1_435' title='bbox 2082 3529 2205 3586; x_wconf 66' lang='lat' dir='ltr'>gra·</span> 
     </span>
     <span class='ocr_line' id='line_1_44' title="bbox 194 3589 2207 3665; baseline -0.001 -17"><span class='ocrx_word' id='word_1_436' title='bbox 194 3591 412 3663; x_wconf 63' lang='lat' dir='ltr'>viffima</span> <span class='ocrx_word' id='word_1_437' title='bbox 443 3591 565 3649; x_wconf 87' lang='lat' dir='ltr'>sunt</span> <span class='ocrx_word' id='word_1_438' title='bbox 597 3591 864 3650; x_wconf 86' lang='lat' dir='ltr'>beneficia</span> <span class='ocrx_word' id='word_1_439' title='bbox 894 3590 1143 3665; x_wconf 62' lang='lat' dir='ltr'>profecta</span> <span class='ocrx_word' id='word_1_440' title='bbox 1178 3590 1203 3648; x_wconf 85' lang='lat'>?</span> <span class='ocrx_word' id='word_1_441' title='bbox 1261 3589 1401 3647; x_wconf 71' lang='lat' dir='ltr'>Vult</span> <span class='ocrx_word' id='word_1_442' title='bbox 1442 3601 1633 3649; x_wconf 87' lang='lat' dir='ltr'>tamen</span> <span class='ocrx_word' id='word_1_443' title='bbox 1684 3606 1816 3646; x_wconf 89' lang='lat' dir='ltr'>eum</span> <span class='ocrx_word' id='word_1_444' title='bbox 1851 3592 1927 3646; x_wconf 86' lang='lat' dir='ltr'>ita</span> <span class='ocrx_word' id='word_1_445' title='bbox 1958 3602 2152 3663; x_wconf 82' lang='lat' dir='ltr'>rogare</span> <span class='ocrx_word' id='word_1_446' title='bbox 2185 3630 2207 3660; x_wconf 81' lang='lat'>‚</span> 
     </span>
     <span class='ocr_line' id='line_1_45' title="bbox 191 3662 2193 3749; baseline -0.002 -24"><span class='ocrx_word' id='word_1_447' title='bbox 191 3667 348 3749; x_wconf 81' lang='lat' dir='ltr'>quasi</span> <span class='ocrx_word' id='word_1_448' title='bbox 381 3686 498 3726; x_wconf 90' lang='lat' dir='ltr'>non</span> <span class='ocrx_word' id='word_1_449' title='bbox 525 3670 758 3741; x_wconf 80' lang='lat' dir='ltr'>gratiam</span> <span class='ocrx_word' id='word_1_450' title='bbox 791 3684 849 3725; x_wconf 89' lang='lat' dir='ltr'>re</span> <span class='ocrx_word' id='word_1_451' title='bbox 891 3677 1035 3735; x_wconf 83' lang='lat' dir='ltr'>etat,</span> <span class='ocrx_word' id='word_1_452' title='bbox 1073 3665 1167 3741; x_wconf 77' lang='lat' dir='ltr'>sed</span> <span class='ocrx_word' id='word_1_453' title='bbox 1197 3676 1263 3723; x_wconf 75' lang='lat' dir='ltr'>ut</span> <span class='ocrx_word' id='word_1_454' title='bbox 1293 3664 1335 3723; x_wconf 89' lang='lat' dir='ltr'><strong>fi</strong></span> <span class='ocrx_word' id='word_1_455' title='bbox 1368 3664 1481 3741; x_wconf 88' lang='lat' dir='ltr'>ipse</span> <span class='ocrx_word' id='word_1_456' title='bbox 1513 3665 1836 3742; x_wconf 85' lang='lat' dir='ltr'>obligandus</span> <span class='ocrx_word' id='word_1_457' title='bbox 1869 3662 2017 3729; x_wconf 79' lang='lat' dir='ltr'>estet.</span> <span class='ocrx_word' id='word_1_458' title='bbox 2188 3674 2193 3681; x_wconf 83' lang='grc'><em>’</em></span> 
     </span>
    </p>

    <p class='ocr_par' dir='ltr' id='par_1_12' title="bbox 222 3741 1952 3822">
     <span class='ocr_line' id='line_1_46' title="bbox 222 3741 1952 3822; baseline -0.003 -23"><span class='ocrx_word' id='word_1_459' title='bbox 222 3754 232 3763; x_wconf 91' lang='grc'><strong><em>·</em></strong></span> <span class='ocrx_word' id='word_1_460' title='bbox 274 3744 513 3802; x_wconf 73' lang='lat' dir='ltr'>Minimt&#39;s</span> <span class='ocrx_word' id='word_1_461' title='bbox 544 3743 805 3822; x_wconf 78' lang='lat' dir='ltr'>beneficiis]</span> <span class='ocrx_word' id='word_1_462' title='bbox 883 3741 1055 3800; x_wconf 78' lang='lat' dir='ltr'>andis,</span> <span class='ocrx_word' id='word_1_463' title='bbox 1442 3798 1449 3809; x_wconf 54' lang='grc'>,</span> <span class='ocrx_word' id='word_1_464' title='bbox 1944 3781 1952 3793; x_wconf 93' lang='grc'><strong>.</strong></span> 
     </span>
    </p>

    <p class='ocr_par' dir='ltr' id='par_1_13' title="bbox 275 3815 2172 3963">
     <span class='ocr_line' id='line_1_47' title="bbox 275 3815 2172 3963; baseline -0.011 -71"><span class='ocrx_word' id='word_1_465' title='bbox 275 3820 372 3891; x_wconf 59' lang='lat' dir='ltr'>dd</span> <span class='ocrx_word' id='word_1_466' title='bbox 390 3820 625 3896; x_wconf 64' lang='lat' dir='ltr'>studium</span> <span class='ocrx_word' id='word_1_467' title='bbox 642 3815 1050 3899; x_wconf 57' lang='lat' dir='ltr'>soffiagatiom&#39;s]</span> <span class='ocrx_word' id='word_1_468' title='bbox 1089 3817 1547 3963; x_wconf 53' lang='grc' dir='ltr'>μοιηετῗιάυπι.</span> <span class='ocrx_word' id='word_1_469' title='bbox 2119 3899 2172 3946; x_wconf 55' lang='lat' dir='ltr'>N*</span> 
     </span>
    </p>
   </div>
  </div>
 </body>
</html>
