2514 4438
352 237 503 335 256
716 215 1198 308 Pineum
1248 229 2093 310 Conna-miiitum·

356 349 427 415 iit
456 352 610 412 enim
643 351 737 410 hic
763 349 944 409 sensus
975 390 993 417 ,
1031 349 1093 407 δί
1123 358 1190 405 ut
1217 359 1359 423 puto
1391 390 1411 416 ,
1448 349 1726 412 efficacior
1756 370 1771 408 ι
1810 349 1854 408 si
1885 352 2089 413 efficies
2109 396 2127 424 ,
2165 364 2275 413 ut·
2310 362 2451 436 qu}

349 439 507 489 minc
535 427 635 485 tibi
670 444 786 485 non
815 423 1171 510 adversantttr
1199 424 1485 511 quidem,
1521 424 1617 484 sed
1649 443 1755 485 nec
1784 427 2100 488 admodum
2132 432 2397 493 favent
2415 457 2441 502 ς

357 522 495 565 nox
540 503 648 561 tuis
692 503 874 561 verbis
904 500 1132 559 addueh
1167 543 1186 570 ‚
1224 512 1301 558 1ta
1338 512 1638 560 incitentur
1670 543 1693 570 ,
1727 515 1790 560 ut
1822 513 1918 563 tua
1950 505 2129 565 cauffa
2165 525 2446 584 cupere

353 579 684 647 videantur,
723 577 783 637 id
814 579 918 637 erit
945 578 1045 636 tibi
1071 595 1172 650 per
1201 578 1354 635 utile.
1393 578 1514 635 Aut
1546 576 1769 636 fortasse
1784 579 2087 654 legendum
2110 625 2129 652 ,
2146 586 2399 644 volunt
2417 607 2441 647 :

352 657 591 791 ffitatssm
600 672 778 808 ‹312⁰AE
801 653 1302 803 ξῖῗοῗέηξέἓῖἐ
1342 653 1513 800 {iffi
1543 655 1795 803 ῗξρίῗὲἓ,
1859 652 2002 789 332³.
2015 657 2442 795 &1³33ss

351 810 458 866 tati
474 852 494 879 ,
530 809 588 865 in
616 827 725 886 qua
752 807 877 879 inest
907 805 1086 882 aliqua
1111 805 1194 861 vis
1220 803 1459 880 desiderii.
1537 807 1619 863 At
1659 823 1732 864 ue
1763 807 1874 865 huc
1889 808 2198 883 respiciunt
2221 814 2343 873 illa
2361 817 2433 877 in

343 883 459 945 fine
490 884 646 943 libri:
687 882 741 938 si
770 883 956 955 mstran
985 879 1058 936 ad
1074 879 1350 955 summum
1370 881 1606 952 studium
1617 822 1892 940 <inmotos
1918 886 2251 946 excitamus.

427 968 515 1019 Ac
540 960 770 1017 multum
798 960 956 1015 etiam
985 957 1310 1035 novitatem]
1343 958 1506 1018 tertia
1536 958 1679 1016 ratio
1714 1001 1731 1027 ,
1769 977 1878 1036 qua
1905 959 2261 1024 sublevetur.
2292 984 2417 1027 no-

347 1038 491 1096 vitas
522 1035 814 1093 Ciceronis
846 1077 865 1103 ,
905 1034 982 1093 est
1016 1034 1460 1108 competitorum
1491 1033 1786 1108 indignitas
1820 1056 1835 1094 ε
1878 1035 1950 1094 de
1981 1039 2189 1113 quibus
2248 1044 2413 1120 quid

345 1112 610 1189 scripserit
638 1111 845 1169 Ascon.
873 1141 876 1146 ·
920 1109 1192 1170 Pedianus
1211 1150 1230 1177 ‚
1270 1127 1461 1184 operae
1493 1113 1738 1185 pretium
1772 1113 1848 1169 est
1879 1112 2090 1174 videre.
2131 1115 2253 1177 Ille
2294 1120 2414 1192 igi·

348 1199 440 1246 tm·
467 1190 527 1247 in
558 1187 972 1246 commentario
1004 1197 1143 1244 orat.
1173 1187 1233 1244 in
1266 1188 1663 1261 competitores
1696 1229 1714 1257 ,
1742 1187 1838 1262 sex
1866 1192 2221 1265 wnmtitores
2241 1236 2265 1261 ‚
2312 1196 2411 1255 in-

344 1266 471 1353 quit
488 1307 507 1333 ,
544 1265 603 1321 in
632 1263 922 1339 consuimus
942 1262 1179 1339 petitione
1211 1261 1417 1320 Cicero
1448 1262 1672 1332 habuit3
1691 1263 1833 1322 duos
1846 1265 2117 1326 Patricios
2134 1308 2153 1335 ‚
2171 1268 2244 1326 P.
2269 1271 2410 1330 Sul-

343 1344 561 1419 picium
588 1340 828 1400 Galbam
844 1381 862 1408 ,
898 1339 973 1396 L.
1008 1338 1260 1412 Sergium
1294 1337 1592 1397 Catilinam
1605 1361 1638 1406 5,
1666 1351 1931 1415 quattuor
1960 1343 2224 1417 plebeios
2242 1366 2267 1412 ;
2319 1366 2402 1408 ex

343 1417 546 1504 quibus
562 1458 581 1485 ,
619 1415 761 1475 duos
794 1415 1007 1474 nobiles
1037 1456 1055 1484 ‚
1096 1414 1166 1472 C.
1193 1414 1515 1474 Antonium
1549 1457 1568 1484 ,
1607 1416 1691 1473 M.
1724 1417 1968 1475 Antonii
2002 1423 2259 1480 oratoris
2293 1423 2397 1482 Fi-

343 1494 486 1555 hum
504 1536 521 1562 ,
562 1493 633 1552 L.
669 1493 910 1551 Caffium
945 1491 1312 1565 Longinum
1352 1488 1493 1549 duos
1509 1532 1528 1559 ,
1566 1494 1666 1567 qui
1690 1504 1909 1554 tantum
1940 1512 2064 1553 non
2091 1498 2282 1572 primi
2321 1516 2400 1557 ex

342 1570 568 1630 familiis
600 1569 705 1627 suis
738 1567 1111 1644 magistratum
1143 1565 1332 1640 adepti
1363 1576 1519 1625 erant
1538 1607 1555 1635 ,
1595 1570 1674 1643 Q.
1704 1569 2080 1630 Cornificium
2096 1574 2159 1631 &
2176 1574 2256 1631 C.
2277 1575 2391 1636 Li-

343 1647 558 1704 cinium
592 1644 967 1704 Sacerdotem.
1008 1642 1199 1700 Ceteri
1231 1642 1349 1716 ejus
1382 1644 1779 1718 competitores
1795 1645 2048 1706 modeste
2063 1648 2122 1705 se
2136 1648 2387 1723 geffere.

344 1722 582 1799 Vifique
612 1721 738 1780 sunt
770 1718 1103 1778 Cornificius
1134 1720 1197 1776 δε
1228 1718 1406 1778 Galba
1434 1719 1599 1777 sobrii
1630 1736 1697 1777 ac
1725 1720 1895 1780 sanffi
1930 1722 2038 1782 viri
2054 1765 2072 1793 ,
2096 1725 2389 1785 Sacerdos

341 1798 494 1858 nulla
523 1797 882 1874 improbitate
910 1805 1093 1854 notus,
1133 1794 1378 1854 Caffium
1398 1836 1417 1863 ,
1457 1795 1558 1871 qui
1585 1796 1730 1855 iners
1761 1814 1826 1855 ac
1854 1797 2084 1859 stolidus
2097 1812 2226 1860 tum
2246 1821 2380 1861 ma·-

341 1875 426 1951 εἰς
497 1892 628 1934 uam
655 1873 943 1949 improbus
970 1870 1254 1930 videretur
1269 1909 1287 1939 ,
1324 1871 1447 1947 post
1470 1889 1681 1958 paucos
1710 1875 1997 1933 mensesin
2016 1877 2382 1953 conjuratio-

389 1971 420 2010 e
504 1951 710 2009 atilinae
743 1947 853 2008 effe
883 1948 1133 2025 apparuit
1152 1964 1250 2016 ,ac
1269 1948 1765 2008 cruentiffimarum
1784 1949 2187 2013 sententiarum
2205 1952 2371 2013 fuiffe

345 2026 657 2086 auctorem.
733 2026 932 2103 Itaque
975 2024 1037 2083 bi
1082 2033 1348 2101 quattuor
1377 2042 1482 2099 pro
1515 2042 1575 2082 re
1613 2025 1879 2086 'acebant.
1954 2027 2045 2085 Ex
2078 2028 2150 2088 iis
2196 2030 2370 2105 igitur

343 2114 613 2178 quattuor
639 2113 861 2160 tantum
885 2101 1145 2161 nominat
1173 2099 1454 2176 Quinetus
1468 2123 1487 2169 ;
1526 2118 1607 2159 no
1644 2102 1741 2162 iles
1772 2103 2080 2164 nimirum:
2122 2105 2198 2164 de
2217 2106 2371 2164 Cor-

343 2179 545 2239 nificio
577 2180 639 2236 &
657 2179 887 2238 Licinio
905 2222 922 2248 ‚
958 2176 1283 2236 hominibus
1314 2176 1479 2236 novis
1492 2216 1515 2246 .‚
1554 2177 1772 2239 nullum
1805 2180 2062 2240 verbum.

343 2302 352 2313 .
423 2254 687 2330 Ejusmodi
709 2255 924 2332 nobiles]
961 2271 1079 2312 uno
1111 2265 1370 2327 tempore
1403 2264 1670 2329 quattuor
1681 2256 1825 2332 ipsos
1840 2257 2054 2316 nobiles
2073 2261 2372 2336 complec-

343 2332 509 2399 titur3
548 2348 616 2389 ac
632 2372 651 2400 ‚
690 2330 732 2387 fi
763 2341 1115 2406 comparetur
1148 2329 1412 2388 omnium
1444 2329 1700 2389 nobilitas
1739 2348 1871 2391 cum
1886 2335 2050 2392 unius
2066 2335 2366 2395 Ciceronis

337 2409 584 2477 virtute,
623 2407 773 2466 illam
806 2425 925 2467 non
957 2408 1077 2483 plus
1105 2422 1281 2482 quam
1311 2406 1456 2466 banc
1484 2407 1670 2466 valere
1703 2405 1907 2467 debere
1937 2409 2089 2468 dicit.
2121 2411 2365 2470 Deinde

338 2484 416 2544 ed
440 2484 677 2559 fingulos
708 2483 989 2544 descendit
1019 2504 1034 2541 ε
1073 2500 1140 2542 ac
1171 2481 1244 2541 de
1273 2481 1336 2539 P.
1366 2482 1542 2542 Galba
1568 2484 1630 2542 δε
1662 2484 1733 2540 L.
1765 2485 1963 2546 Caffio
1981 2485 2136 2545 addit
2173 2530 2194 2556 ,
2231 2506 2356 2548 non

338 2559 526 2621 solum
570 2559 947 2636 praeferendos
974 2577 1093 2619 non
1122 2555 1231 2618 effe
1274 2559 1542 2618 Ciceroni
1573 2602 1592 2627 ,
1644 2558 1772 2618 licet
1803 2561 2028 2620 summo
2074 2562 2215 2623 loco
2246 2563 2361 2624 nati

344 2637 481 2705 fint;
522 2654 720 2696 verum
754 2639 962 2694 mirum
996 2637 1167 2695 etiam
1202 2630 1312 2692 effe
1344 2677 1362 2702 ,
1401 2653 1500 2695 eos
1532 2635 1879 2699 consulatum
1913 2636 2120 2697 audere
2151 2654 2367 2715 petere.

336 2716 543 2790 Quare
566 2712 734 2800 guod
762 2712 1018 2772 nonnulli
1051 2715 1106 2775 v}
1118 2713 1239 2786 jam
1255 2710 1316 2768 in
1330 2730 1459 2769 nam
1474 2721 1692 2771 mutare
1706 2713 2008 2772 voluerunt
2019 2736 2039 2780 3
2060 2727 2357 2794 tamquam

334 2798 623 2856 *rationem
656 2794 883 2863 reddat,
925 2812 1021 2852 cur
1053 2796 1153 2854 illis
1184 2797 1304 2871 plus
1335 2798 1592 2858 nobilitas
1621 2841 1639 2869 ,
1678 2816 1851 2876 quam
1881 2800 2151 2861 Ciceroni
2188 2805 2360 2862 virtus

339 2872 595 2946 prodeffe
625 2889 744 2930 non
776 2871 978 2929 debeat
1004 2893 1025 2938 ;
1066 2873 1206 2932 mihi
1241 2891 1363 2932 non
1393 2875 1574 2950 placet
1606 2896 1622 2933 :
1663 2892 1794 2935 cum
1825 2877 1951 2935 haec
1979 2894 2103 2936 non
2132 2879 2208 2938 ad
2241 2878 2361 2938 red·

336 2947 585 3009 ciendam
615 2948 891 3006 rationem
911 2990 928 3016 ,
968 2948 1141 3022 magis
1169 2966 1346 3025 quam
1378 2951 1449 3010 ad
1480 2951 1930 3028 amplificandum
1961 2952 2151 3012 addita
2184 2955 2309 3014 fint.

413 3033 623 3081 Summo
656 3023 753 3081 loco
785 3028 957 3104 natos]
1001 3036 1116 3082 erat
1187 3026 1379 3086 uidem
1413 3028 1547 3098 alter
1577 3029 1833 3103 patricius
1851 3070 1868 3099 ,
1905 3030 2045 3087 alter
2072 3031 2358 3108 plebejus:

330 3100 433 3160 *led
463 3112 618 3159 erant
647 3101 844 3159 multae
874 3102 1105 3160 familiae
1193 3103 1370 3162 ebeiae
1389 3145 1407 3171 ,
1444 3107 1650 3180 amplae
1681 3106 1742 3162 &
1780 3106 2047 3164 honestae.

335 3218 342 3226 -
381 3188 388 3193 '
415 3178 549 3252 Qis
575 3178 642 3251 est
673 3178 761 3256 qui
781 3190 946 3253 petere
974 3121 1294 3253 confugitum
1317 3192 1464 3255 putet
1481 3180 1551 3260 ἓ]
1608 3180 1783 3240 Galba
1814 3183 1967 3241 enim
2004 3225 2022 3252 ,
2061 3183 2195 3242 licet
2231 3201 2356 3243 mo·

331 3251 660 3312 destiffimus
691 3266 860 3340 atque
891 3256 1139 3329 optimus
1168 3258 1256 3314 vir
1284 3253 1418 3314 effet
1452 3300 1471 3327 ,
1510 3269 1572 3315 ut
1605 3258 1680 3317 est
1712 3258 1769 3315 in
1804 3269 1942 3317 orat.
1975 3276 2080 3333 pro
2115 3260 2186 3317 L.
2225 3263 2358 3318 Mu-

331 3347 471 3388 rena
489 3373 507 3398 ,
542 3343 735 3388 tamen
768 3331 1160 3404 imprudentiae
1192 3332 1415 3391 videtur
1443 3334 1728 3402 damnari,
1767 3335 1826 3392 in
1840 3335 2019 3409 prima
2036 3354 2126 3410 ep.
2143 3336 2215 3395 ad
2232 3338 2352 3394 Att.

338 3406 440 3464 ubi
467 3405 541 3464 de
571 3407 687 3483 ejus
714 3424 1067 3483 praepropera
1102 3409 1451 3484 prensatione
1482 3409 1546 3468 fit
1577 3411 1831 3476 mentio;
1873 3427 1982 3469 nec
1998 3413 2199 3470 multae
2216 3427 2349 3470 auc·

338 3484 578 3543 totitatis
603 3485 786 3543 homo
817 3502 884 3559 ap
926 3496 1041 3542 aret
1057 3525 1074 3552 ,
1113 3485 1271 3561 quod
1305 3487 1358 3544 ei
1387 3486 1662 3561 prensanti
1690 3487 1863 3561 vulgo
1891 3498 2179 3561 negarent.
2256 3488 2355 3545 De

329 3558 531 3618 -Caffio
560 3577 701 3620 vero
722 3563 844 3636 jam
918 3560 1093 3619 istum
1122 3561 1233 3631 est,
1275 3580 1345 3620 ex
1375 3563 1643 3622 Asconio.

335 3674 342 3681 =
417 3637 529 3709 Qi
546 3634 660 3711 sine
693 3638 866 3695 nervis
886 3636 1027 3716 sint]
1067 3636 1180 3696 fine
1212 3638 1417 3697 viribus
1434 3681 1452 3708 ,
1492 3639 1606 3698 fine
1635 3640 1969 3700 auetoritate
1986 3683 2005 3711 ‚
2043 3641 2162 3699 fine
2179 3642 2350 3698 virtu·

328 3718 417 3785 ᾗτε.
455 3712 572 3769 Hic
599 3730 703 3788 pro
732 3715 823 3791 qui
840 3756 858 3784 ,
894 3713 1195 3788 legendum
1228 3714 1454 3774 videtur
1482 3717 1628 3795 quod.
1670 3715 1877 3775 Reddit
1910 3719 2064 3776 enim
2097 3715 2345 3775 cauffam.

334 3810 346 3821 ·
413 3795 505 3867 ἐξ
527 3790 799 3873 ᾈπςρπξιςε
831 3807 899 3872 q
929 3789 1163 3873 §effren
1190 3792 1379 3875 gqolesti
1394 3792 1556 3872 sunt]
1596 3795 1915 3868 occupatio.
1947 3794 2070 3857 Alii
2097 3792 2205 3857 sint
2236 3792 2347 3853 fine

319 3870 362 3911 2.
387 3904 392 3909 .
1248 3871 1272 3878 ”
2224 3879 2347 3937 ner}
