2514 4438
265 223 409 320 ,160
505 221 791 296 PAur„
839 195 1220 291 Minoe.
1262 209 2063 300 Couunmhnva

557 341 561 354 ·
715 408 1835 522 EXPLANATIO

391 580 2143 668 ‘EPISTOLAEIK'

371 763 612 842 Nullis
639 757 1044 840 consulibus.
1157 735 1162 740 ⁵
1402 741 1425 770 ⁵
1556 739 1559 746 ’
2018 700 2029 712 O

271 937 401 1019 Pag.
439 958 555 1016 1²4·
608 948 891 1042 thngmr
920 934 1150 1018 officim]
1189 934 1398 1013 assequi
1430 946 1547 998 non
1580 934 1835 1012 possum,
1871 955 1984 1017 qua
2002 939 2140 1000 inre
2156 951 2303 1003 tan-

249 1083 254 1088 ,
373 1083 376 1088 ,
706 1027 822 1080 tam
845 1012 1120 1092 Jaeturam
1152 1012 1359 1072 feciss‘et
1390 1012 1586 1073 Brutus
1620 1054 1638 1083 ,
1676 1026 1771 1074 aut
1801 1015 1957 1090 quod
1986 1019 2304 1095 accepiffet

271 1103 494 1154 tantum
524 1091 721 1152 vulnus
739 1134 756 1161 ,
797 1101 856 1149 ut
889 1091 1125 1150 bactani
1160 1089 1426 1165 exquiiita
1455 1088 1834 1150 consolatione
1849 1091 2145 1166 indigeret.
2175 1096 2302 1154 sus-

271 1186 482 1246 picarer
513 1167 718 1246 aliquid
750 1165 819 1226 de
850 1164 1044 1224 Porcia
1079 1183 1250 1224 uxore
1274 1206 1290 1234 ,
1329 1182 1499 1241 quam
1532 1165 1795 1225 Nicolaus
1826 1167 2188 1245 philosophus
2208 1189 2296 1230 ex

270 1244 513 1323 quadam
548 1243 805 1321 epistola,
844 1259 972 1319 quae
1006 1241 1158 1302 Bruti
1187 1241 1427 1302 nomine
1452 1241 1974 1314 circumferebatur,
2014 1245 2155 1305 vivo
2186 1246 2295 1307 ad·-

315 1339 386 1382 uc
417 1322 617 1388 marito
651 1331 895 1380 mortem
929 1318 1026 1377 sibi
1058 1315 1375 1378 conscivisse
1407 1317 1694 1391 colligebat
1727 1340 1746 1386 3
1800 1318 1900 1378 nisi
1952 1322 2012 1378 δε
2039 1324 2290 1397 graviter

305 1399 591 1476 ›lutarchus
623 1397 771 1457 illam
803 1394 1026 1454 Nicolai
1055 1394 1386 1470 opinionem
1421 1393 1796 1464 convelleret,
1834 1396 1896 1454 &
1925 1414 1957 1454 e
1997 1414 2035 1454 o
2065 1398 2288 1459 aliaha-

267 1469 468 1550 ,berem
500 1485 789 1550 argument
841 1514 859 1539 ‚
898 1471 1128 1547 quibus,
1167 1471 1308 1529 hanc
1338 1467 1626 1555 epistolam
1660 1469 1810 1531 nullo
1842 1488 1943 1530 mo
1985 1491 2023 1531 o
2056 1473 2125 1533 ad
2141 1475 2286 1534 Por-

277 1552 382 1609 ciae
419 1562 663 1610 mortem
695 1563 754 1608 re
780 1548 883 1607 erri
914 1544 1103 1622 poffe,
1143 1546 1303 1606 facile
1335 1545 1779 1620 intelliganam',
1798 1549 1978 1607 utalia
1997 1551 2284 1623 omittam,

274 1625 473 1685 Brutus
507 1626 614 1702 ipse
644 1626 782 1683 infra
815 1622 886 1681 ad
916 1623 1172 1679 Atticum
1203 1622 1436 1680 scribens
1455 1665 1472 1692 ,
1515 1621 1861 1680 Valetudinem
1881 1666 1898 1692 ,
1918 1625 2135 1703 inquit,
2155 1635 2282 1685 Por-

274 1702 354 1759 cia
386 1722 496 1759 mu
527 1702 616 1759 tibi
648 1720 768 1760 cura
794 1696 913 1778 effi,
953 1716 1053 1754 non
1085 1699 1257 1756 miror.
1296 1699 1501 1774 Neque
1512 1715 1653 1756 vero
1668 1697 1743 1756 est
1763 1741 1778 1767 ,
1818 1699 1976 1775 quod
1991 1704 2282 1782 quisquam

278 1777 427 1836 dicat
464 1821 480 1848 ,
518 1777 635 1836 fieri
671 1773 823 1864 posse
853 1817 870 1844 ,
911 1786 971 1831 ut
997 1773 1241 1833 inversus
1277 1773 1340 1831 sit
1373 1773 1513 1833 ordo
1548 1772 1893 1850 epistolarum
1925 1798 1944 1844 3
1988 1789 2162 1856 utque
2194 1781 2281 1839 ina

278 1852 446 1916 Bruti.
467 1853 538 1914 ad
568 1856 823 1914 Atticum
842 1894 859 1921 ,
897 1868 1026 1929 quae
1058 1849 1323 1926 posterior
1351 1849 1577 1926 legitur,
1615 1863 1743 1916 ante
1774 1852 1915 1916 hanc
1949 1864 2143 1918 tamen
2161 1857 2283 1915 scri-

279 1943 374 2006 pta
408 1931 588 1990 fuerit.
626 1930 836 1989 etenim
869 1969 887 1997 ,
908 1943 1056 1987 cum
1085 1927 1209 1986 haec
1239 1946 1271 1986 a
1302 1925 1578 1986 Cicerone
1610 1919 1801 2002 scripta
1833 1928 1907 1987 est
1937 1971 1955 1998 ‚
1998 1941 2116 1990 non
2149 1930 2279 1992 dum

280 2020 399 2066 erat
430 2008 504 2066 ob
535 2006 781 2066 Octavio
811 2005 1087 2080 superatus
1119 2004 1419 2063 Antonius.
1454 2003 1510 2062 id
1541 2004 1715 2062 velex
1734 2022 1806 2062 eo
1823 2005 1997 2065 intelli
2036 2008 2280 2084 ipotest,

324 2083 439 2142 uod
471 2084 539 2142 ad
567 2082 737 2142 finem
772 2084 847 2141 ita
875 2081 1087 2139 scribit:
1111 2088 1218 2137 Nos
1249 2096 1298 2137 te
1316 2122 1332 2148 ‚
1353 2085 1601 2158 tuumque
1626 2080 1898 2138 exercitum
1914 2102 1977 2139 ex
1994 2088 2280 2159 postumus:

303 2176 386 2215 me
420 2179 518 2238 quo
534 2201 551 2229 ,
591 2175 652 2215 ut
682 2158 875 2238 reliqua
901 2176 965 2215 ex
1015 2155 1238 2212 enuntia
1256 2154 1530 2233 succedant
1547 2198 1564 2226 ,
1605 2157 1703 2214 vix
1720 2156 1854 2233 sans
1885 2157 2022 2216 liberi
2053 2162 2287 2219 videmur

263 2236 402 2307 fir«.
483 2236 706 2311 Nempe
737 2236 901 2311 igitur
930 2248 960 2295 a
1041 2248 1108 2289 uc
1137 2231 1196 2290 in
1228 2231 1494 2306 ambiguo
1527 2251 1608 2293 res
1642 2245 1773 2293 erat.
1804 2245 1860 2293 at
1894 2249 2032 2295 vero
2052 2238 2201 2299 illam
2218 2235 2287 2298 al-

261 2324 499 2383 -teram,
538 2312 792 2387 superato
826 2312 942 2370 'am
970 2307 1228 2373 Antonio
1250 2349 1268 2376 ,
1307 2306 1558 2383 scriptam
1589 2307 1747 2369 fuisse
1775 2350 1792 2378 ,
1831 2322 2004 2370 nemo
2037 2314 2289 2389 ignorare

282 2390 499 2464 potest,
539 2390 637 2467 qui
668 2407 790 2449 eam
816 2330 1031 2462 iegerit.
1105 2386 1331 2461 Quare,
1369 2397 1431 2443 ut
1463 2384 1612 2455 dixi,
1634 2385 1722 2461 =de
1739 2386 1952 2445 Porciae
1971 2403 2160 2449 morte
2175 2409 2285 2451 non

259 2464 361 2525 „est
396 2508 414 2536 ,
456 2484 551 2525 cur
584 2464 845 2541 poffimus
878 2460 1195 2600 intelligere.
1273 2460 1433 2537 Quid
1464 2461 1672 2538 igitur?
1713 2463 1951 2522 omnino
1981 2464 2104 2525 sciri
2135 2465 2283 2543 poffe

260 2558 406 2603 ,non
434 2540 664 2602 arbitror
699 2562 713 2600 z
753 2539 854 2604 nisi
887 2581 904 2608 ,
943 2538 1043 2616 qui
1121 2536 1218 2599 uid
1252 2536 1364 2606 est,
1404 2555 1493 2598 ma
1532 2556 1666 2597 num
1698 2538 1775 2596 ali·
1810 2537 1905 2598 uid
1936 2539 2034 2610 fit,
2076 2541 2289 2604 neceffe

284 2619 362 2677 est
393 2640 411 2686 ς
470 2637 598 2678 cum
634 2619 693 2676 &
724 2619 778 2681 ci
812 2616 1013 2680 Cicero
1044 2616 1102 2675 ni
1144 2614 1178 2672 il
1210 2614 1269 2672 in
1299 2614 1455 2679 terris
1506 2614 1661 2674 uuile
1694 2615 1775 2674 fui
1818 2616 1851 2673 'e
1883 2615 2029 2675 dicat
2064 2661 2081 2687 ,
2139 2622 2200 2679 ὃ(
2232 2621 2285 2687 in

261 2702 405 2754 ,tota
433 2695 658 2772 epistola
691 2693 863 2753 multa
893 2702 1064 2777 ponat
1084 2731 1101 2758 ,
1180 2706 1270 2747 uae
1301 2688 1581 2765 insigniter
1614 2690 2057 2764 magnitudinem
2095 2697 2289 2756 vulne·

265 2771 397 2840 ,ri8,
435 2789 468 2830 a
497 2770 668 2829 Bruto
700 2776 948 2841 accepti,
987 2782 1078 2825 am
1141 2765 1150 2774 '
1197 2775 1339 2825 cent.
1374 2764 1512 2843 quid
1541 2777 1730 2825 autem
1765 2769 1964 2838 fuerit,
2004 2786 2140 2830 cum
2175 2772 2292 2832 dili-

1179 2840 1188 2850 e

286 2858 486 2921 genter
516 2846 575 2905 &
606 2854 858 2905 accurate
890 2841 1252 2918 cogitaverim
1275 2882 1294 2910 ,
1332 2843 1604 2919 reperire,
1642 2844 1839 2903 verum
1872 2858 1932 2904 ut
1946 2845 2123 2906 fatear
2141 2890 2158 2917 ,
2180 2866 2295 2909 non

263 2972 278 2982 .
333 2939 465 2989 ueo.
838 2944 842 2958 ·
1037 2954 1040 2959 <
1470 2952 1477 2961 =

265 2939 336 3053 ‚q
359 3007 437 3057 ,ln
468 3018 574 3056 meo
604 3000 747 3059 lustu
766 3000 825 3135 ⁹1]
871 2998 930 3057 in
959 2996 1118 3059 obitu
1150 2990 1451 3057 Tulliolae:
1531 3011 1662 3065 uam
1694 3014 1825 3057 cum
1854 2992 1931 3057 illi
1964 3000 2294 3063 cariffimam

273 3070 403 3133 ¹effe
437 3075 706 3147 constaret
726 3118 743 3146 ‚
804 3074 1087 3149 usceptum
1120 3091 1188 3132 ex
1218 3069 1406 3159 amissa
1436 3072 1514 3133 do
1536 3092 1696 3134 orem
1726 3072 1898 3133 lenire
1930 3073 2126 3135 litteris
2153 3096 2298 3164 prae-

263 3149 490 3219 stantes
521 3153 628 3212 viri
657 3154 994 3221 voluerunt,
1023 3150 1134 3210 Ser.
1168 3149 1435 3224 Sulpicius
1469 3190 1487 3219 ‚
1526 3150 1611 3209 M.
1638 3150 1839 3209 Brutus
1872 3193 1889 3220 ,
1929 3150 2116 3210 Caesar
2148 3154 2294 3230 ipse,

272 3241 429 3300 ³cum
462 3245 534 3288 eo
566 3240 823 3305 tempore
854 3228 914 3287 in
943 3225 1205 3302 Hispania
1235 3235 1428 3287 contra
1453 3225 1712 3304 Pompeji
1740 3227 1938 3286 liberos
1972 3244 2047 3302 pu
2127 3241 2262 3288 aret.

273 3339 298 3369 r.
366 3303 441 3390 ‘lis
470 3305 694 3364 remediis
709 3306 771 3386 ‚]
791 3302 1110 3371 rationibus
1127 3305 1187 3362 &
1216 3304 1551 3378 argumentis
1586 3320 1655 3362 ex
1670 3302 2015 3380 philosophia
2072 3323 2298 3381 eprom·

337 3391 405 3441 tls
440 3400 455 3439 t

269 3394 337 3509 2P
376 3465 441 3514 Ut
469 3479 518 3515 es
551 3458 694 3545 tm]
735 3460 982 3534 Quantus
1012 3477 1061 3516 es
1092 3456 1570 3526 tu,.consuetud0
1605 3464 1772 3517 amat.
1807 3456 1883 3516 est
1914 3457 2081 3534 igitur
2113 3459 2298 3520 minus

296 3530 492 3594 usitata
522 3535 737 3605 locutio
768 3536 1028 3597 notanda.
2171 3578 2177 3585 .
2266 3550 2273 3559 ’

378 3617 516 3668 Cum
549 3612 764 3671 rationes
781 3654 799 3683 ,
838 3626 953 3673 tum
984 3613 1262 3671 amorius
1295 3611 1416 3692 tua]
1455 3612 1579 3671 haec
1612 3613 1765 3672 enim
1795 3608 1866 3669 ad
1898 3610 2297 3685 consolandum

269 3684 602 3758 plurimum
639 3689 837 3751 valent.
875 3690 1062 3767 itaque
1098 3688 1159 3746 &
1188 3686 1430 3762 Sulpicio
1462 3705 1559 3764 per
1590 3690 1792 3748 litteras
1820 3686 2128 3747 consolanti
2146 3687 2296 3747 idern

275 3760 594 3838 :respondet
623 3765 715 3827 lib.
745 3784 837 3849 iv.
855 3766 1003 3833 *saun
1075 3771 1168 3845 Mc
1199 3782 1303 3849 nge
1329 3764 1488 3851 gratia
1517 3778 1614 3849 {rga
1627 3764 1800 3853 sqlan
1831 3805 1851 3840 ,
1891 3762 1986 3843 fid
2013 3763 2176 3903 etit?
2206 3780 2297 3851 ςω-

2149 3855 2296 3903 orM
