2514 4438
408 234 545 314 ¹94
808 201 1345 284 FRANcrscr
1394 194 1999 300 HoroMAmqt

386 332 528 409 fiam
544 373 562 398 ,
600 329 657 389 in
697 327 781 386 uit
794 370 811 395 ‚
849 329 1076 400 Quintio
1106 323 1254 400 obtigi
1290 346 1315 384 e
1344 324 1557 399 audisti:
1600 345 1703 382 non
1733 326 1868 383 em'm
1899 325 2077 383 dubito
2098 367 2117 395 ,
2159 321 2322 403 quin
2342 312 2428 385 cel

397 409 506 464 rius
537 405 626 464 tibi
721 423 745 460 c
774 423 952 460 rumor
969 445 988 471 ‚
1022 421 1188 480 ‚quam
1303 400 1372 458 'us
1400 402 1632 475 nostram
1665 403 1839 459 littero
1868 402 2209 462 numiarint.

401 497 408 502 “
478 478 729 557 Desiderio
762 479 952 557 nostro]
991 475 1339 554 defiderantur
1371 495 1502 554 quae
1519 477 1709 536 absunt
1724 520 1743 548 ,
1763 477 1960 555 quibus
1976 477 2262 537 carenitis
2280 519 2301 544 ,
2322 496 2428 553 quz

398 554 774 634 expeaamus.
852 554 1048 631 Itaque
1076 552 1367 629 defiderium
1396 553 1542 632 saepe
1575 571 1679 628 pro
1712 572 1785 613 eo
1821 552 2018 613 dolore
2049 556 2420 630 usurpamus

399 652 611 712 quem,
652 651 724 690 eo
798 629 915 689 uod
943 649 1004 687 re
1031 630 1211 706 aliqua
1245 645 1531 698 caremus,
1568 632 1934 707 percipimus:
1975 643 2038 689 ut
2073 631 2143 690 in
2184 650 2289 707 ep.
2312 631 2428 689 fam

395 711 488 770 lib.
517 711 570 764 6.
613 651 802 843 Νεὲἷὲ
828 708 894 779 est
922 707 1113 763 minore
1138 702 1365 779 destdorio
1384 746 1401 773 ,
1493 705 1632 764 rdita
1665 716 1778 783 Rep.
1809 727 1973 764 carere
2005 750 2023 776 ,
2061 708 2262 785 qudem
2296 706 2428 762 bona

396 787 464 847 Id
499 804 652 845 emm
789 783 988 848 dolorm
1029 793 1092 838 ut
1119 782 1296 847 infra3
1321 790 1418 837 Per
1456 802 1503 837 ce
1524 823 1541 850 ‚
1558 798 1619 838 ut
1633 783 1809 841 latitia
1833 781 2108 858 ¹provinciae
2127 780 2428 859 desiderium,

395 865 625 937 nostrum
653 861 890 919 leniatur.
967 858 1040 915 Et
1073 857 1131 915 in
1163 874 1219 914 v.
1246 855 1319 915 ad
1346 858 1522 915 Attic.
1553 857 1646 917 ubi
1676 858 1746 918 de
1777 860 1871 918 sua
1900 860 2214 935 provincia
2237 860 2428 936 loqui-

339 971 346 988 ·
397 953 524 1008 tur;
565 938 681 996 Erit
709 936 800 993 tibi
828 933 1109 992 videndum
1142 974 1161 1002 ,
1198 949 1263 991 ut
1288 933 1379 990 hoc
1407 934 1635 1007 nostrum
1662 933 1958 1013 defidert'um
1988 958 2049 995 ne
2066 937 2205 1013 plus
2222 934 2314 1013 fit
2342 956 2428 992 an-

398 1036 582 1076 nuum.

375 1151 384 1160 ,
478 1091 662 1148 Labori
695 1089 811 1168 tuo]
868 1089 1066 1152 Avaris
1107 1086 1445 1144 senatoribus
1478 1087 1616 1145 nihil
1644 1088 1750 1147 fuit
1784 1090 2213 1165 provinciarum
2252 1088 2428 1147 admi-

394 1169 715 1228 nistratione
746 1163 1070 1241 optabilius:
1108 1165 1316 1240 quippe
1344 1163 1405 1221 in
1436 1163 1634 1238 quibus
1663 1165 2020 1226 dominatum
2052 1167 2116 1224 &e
2149 1165 2317 1241 quafi
2349 1173 2428 1234 re-

390 1264 573 1322 gnum
605 1243 953 1304 obtinerent:
996 1253 1056 1299 ut
1088 1253 1281 1298 autem
1312 1258 1555 1316 quaeque
1584 1241 1891 1317 longiffima
1927 1254 2041 1300 erat
2060 1284 2078 1310 ,
2120 1241 2207 1299 ita
2240 1243 2422 1316 gratis-

395 1322 532 1381 sima
565 1323 623 1380 δε
642 1319 1033 1396 jucundiffima
1065 1314 1170 1374 effe
1201 1316 1423 1374 solebat.
1467 1317 1620 1375 Hinc
1648 1319 1781 1380 illud
1811 1319 1994 1377 Marci
2024 1316 2095 1376 ad
2130 1318 2315 1377 Attic.
2329 1319 2400 1376 lib

395 1415 472 1465 v;
516 1417 646 1470 eum
679 1396 750 1453 de
783 1394 874 1453 sua
909 1389 1194 1470 provincia
1225 1392 1513 1450 scriberet:
1557 1395 1709 1465 Noli,
1749 1396 1968 1471 inquit,
1998 1407 2197 1469 putare
2240 1438 2258 1463 ,
2296 1395 2416 1451 mihi

395 1475 555 1533 aliam
588 1473 968 1549 consolationem
997 1471 1081 1546 effe
1107 1469 1261 1544 hujus
1291 1469 1502 1543 ingentis
1532 1470 1747 1547 molestia
1766 1515 1783 1539 ,
1823 1467 1921 1547 mfi
1981 1471 2081 1527 uod
2098 1471 2250 1546 spero
2268 1513 2285 1539 ,
2324 1491 2415 1526 non

396 1552 663 1626 longiorem
693 1569 873 1605 annua
895 1550 1041 1620 jore:
1078 1545 1167 1601 hoc
1197 1565 1275 1602 me
1305 1545 1383 1602 ita
1415 1545 1541 1602 velte
1571 1547 1725 1606 multi
1739 1567 1839 1603 non
1855 1493 2070 1604 creJunt
2088 1590 2105 1617 ,
2121 1612 2129 1620 ι
2146 1567 2213 1603 ex
2227 1547 2412 1622 consue-

398 1628 577 1685 tudine
606 1627 841 1683 aliorum.
915 1621 1023 1681 Sed
1052 1621 1277 1679 Marcus
1307 1622 1420 1680 hoc
1451 1623 1582 1679 loco
1610 1622 1899 1682 artificiose
1932 1624 2009 1681 ita
2023 1615 2247 1692 scrfin‘t,
2266 1623 2407 1699 quafi

397 1702 678 1777 Quine'tus
706 1701 762 1759 id
789 1700 921 1770 fibi,
959 1716 1077 1756 non
1111 1697 1346 1782 quaestui
1379 1697 1471 1757 sed
1500 1698 1675 1760 labori
1705 1698 1948 1759 duceret.
2002 1699 2207 1777 Itaque
2234 1699 2405 1758 statim

399 1780 571 1839 etiam
591 1823 608 1847 ,
645 1779 797 1855 hujus
826 1775 1045 1848 molestia
1063 1817 1081 1843 ,
1121 1773 1321 1832 mtulit.
2012 1831 2015 1838 J

480 1863 703 1914 Maturo
733 1852 1024 1940 decffom's]
1064 1851 1187 1909 fore
1206 1892 1224 1919 ,
1264 1863 1337 1919 ut,
1358 1853 1574 1913 mature
1602 1854 1673 1913 de
1688 1853 1976 1930 provincia
1992 1843 2285 1912 decederes
2303 1893 2320 1920 ,
2344 1852 2399 1907 δε

398 1933 460 1992 in
492 1933 687 1992 urbem
721 1930 939 1989 redlreS.

398 2085 436 2144 s
477 2010 742 2144 {uffa-igne]
781 2006 922 2066 mire
954 2006 1092 2065 dixit
1119 2006 1372 2082 opinione,
1410 2025 1515 2083 pro
1534 2006 1619 2084 spe
1637 2028 1650 2066 :
1670 2005 1822 2085 quafi
1840 2024 1965 2066 eam
1982 2004 2253 2081 temporis
2283 2020 2391 2061 cau-

422 2104 455 2144 a
567 2104 622 2144 xi
665 2096 739 2145 et.

479 2162 775 2241 Contentio]
815 2171 1107 2241 tantopere
1140 2178 1172 2218 a
1205 2160 1512 2219 consulibus
1546 2161 2020 2223 contendebamus
2037 2202 2056 2230 ,
2094 2169 2157 2217 ut
2174 2156 2243 2218 ad
2257 2156 2388 2215 sena—

397 2245 525 2301 tum
557 2238 627 2296 de
659 2239 959 2314 provinciis
991 2236 1349 2300 decernendis
1379 2240 1663 2297 referrent.

475 2322 537 2372 Α
571 2313 896 2396 putoribus]
938 2320 1037 2395 qui
1064 2313 1479 2393 provinciarum
1513 2314 1735 2392 cupidi,
1766 2312 2101 2375 jsueceffores
2132 2313 2229 2371 tibi
2259 2308 2384 2368 mitti

397 2390 703 2451 studebant.
780 2392 934 2452 Nam
966 2395 1054 2452 lex
1073 2391 1401 2465 Sempronia
1420 2434 1438 2460 ‚
1475 2410 1606 2469 quae
1636 2393 1950 2468 provincias
1982 2401 2112 2449 ante
2144 2386 2379 2448 comitia.

398 2468 844 2551 designationem
875 2472 1288 2546 magistratuum
1306 2511 1323 2537 ,
1342 2467 1564 2527 decerni
1589 2468 1819 2545 jubebat
1836 2511 1856 2538 ‚
1878 2485 1995 2526 non
2027 2466 2099 2525 ad
2121 2462 2379 2544 Praetoria<

395 2545 493 2606 sed
522 2544 595 2604 ad
626 2545 950 2604 Consulares
979 2544 1293 2623 provincias
1324 2545 1646 2621 pertinebat.
1722 2546 1993 2602 Praetores
2025 2549 2377 2608 autem,ant1-

401 2640 520 2758 ἓιιο
557 2640 716 2711 more
735 2664 752 2690 ,
791 2621 886 2680 sub
916 2624 1046 2680 anni
1075 2624 1156 2682 sui
1185 2623 1400 2680 exitum
1417 2665 1435 2692 ,
1475 2633 1569 2680 aut
1600 2622 1963 2681 sortiebantur
1993 2631 2089 2678 aut
2122 2630 2373 2692 compara-

349 2744 386 2761 .·
443 2712 555 2759 ant.
1838 2742 1843 2745 .
1964 2748 1967 2751 .

475 2779 588 2836 suis
615 2778 807 2856 opibus]
847 2788 949 2851 opes
977 2771 1145 2835 latine
1177 2777 1437 2835 dicuntur
1467 2817 1485 2844 ,
1580 2777 1737 2834 uibus
1769 2775 2000 2854 quisque
2030 2768 2206 2848 potest
2235 2758 2371 2849 pluri·

399 2868 598 2939 mum;
639 2854 753 2912 five
782 2853 953 2928 gratia
971 2895 989 2921 ‚
1025 2852 1141 2912 five
1171 2852 1501 2923 anemius,
1584 2871 1655 2913 ve
1688 2853 1962 2930 potestas,-
1998 2848 2111 2907 five
2139 2848 2295 2905 etiam
2310 2842 2368 2901 ἀι·

400 2941 575 2988 Vltlae.

472 3005 600 3082 Pag.
633 3023 685 3064 2.
723 3012 797 3065 Et
819 3004 1042 3083 gerendis
1074 3022 1142 3069 φ’
1160 3006 1489 3087 sustinendis]
1519 3007 1626 3083 geri
1655 3007 1913 3066 dicuntur
1943 3019 2026 3061 res
2061 3044 2079 3071 ,
2115 2999 2179 3059 ab
2207 3000 2269 3057 iis
2296 2995 2371 3073 qui

402 3098 535 3140 cum
564 3084 803 3160 imperio
833 3083 987 3141 sunt:
1017 3084 1252 3160 sustineri
1282 3084 1349 3143 ab
1382 3084 1497 3144 aliis
1515 3127 1533 3154 ,
1554 3086 1734 3143 Varro
1765 3083 1834 3140 de
1868 3082 2054 3156 lingua
2084 3095 2137 3135 v.
2168 3076 2368 3137 Contra,

402 3159 742 3233 imperator,
786 3162 885 3239 qui
916 3160 1115 3219 dicitur
1145 3179 1230 3219 res
1256 3178 1450 3237 gerere
1487 3205 1505 3231 ,
1545 3163 1601 3220 in
1636 3178 1707 3218 eo
1743 3176 1929 3234 neque
1962 3156 2075 3231 agit
2104 3170 2277 3228 neque
2304 3141 2370 3207 fa·-

402 3235 479 3291 cit
513 3277 530 3302 ,
568 3236 660 3294 sed
717 3239 811 3295 erit
844 3276 862 3306 ,
901 3237 959 3296 id
995 3238 1068 3296 est
1086 3281 1105 3309 ,
1131 3237 1380 3313 sustinet3
1422 3238 1738 3299 transsatum
1768 3236 1836 3294 ab
1865 3234 1949 3295 his
1980 3232 2080 3311 qui
2107 3237 2265 3289 onera
2289 3242 2370 3301 ge-

401 3322 568 3381 runt,
607 3330 684 3390 qu
727 3312 764 3370 d
791 3313 1069 3373 sustinent.

475 3388 647 3447 Priore
674 3392 838 3475 anno]
879 3390 987 3448 Pro
1006 3433 1024 3458 ,
1049 3384 1327 3467 superiore:
1369 3389 1462 3449 sed
1491 3389 1564 3448 fic
1593 3391 1813 3449 locutus
1845 3386 1920 3447 est
1937 3430 1956 3458 ,
1993 3381 2063 3444 ad
2091 3383 2232 3442 hunc
2257 3380 2368 3440 alte-
2426 3388 2427 3405 ¹

401 3480 529 3524 rum
556 3467 963 3541 prorogatronis
994 3485 1206 3526 annum
1238 3469 1547 3543 respicienS.
1983 3535 1985 3538 Α
2206 3527 2214 3534 ,

478 3544 643 3600 Saluti
662 3544 938 3620 sociorum]
1021 3562 1223 3603 uorum
1256 3558 1381 3603 tum
1414 3535 1732 3604 commodis
1762 3534 2097 3619 utilitatique
2123 3537 2179 3596 in
2193 3531 2365 3595 istaad·

347 3686 354 3691 ,
400 3617 801 3679 ministratione
833 3618 976 3679 cons
1024 3621 1084 3678 is.
1928 3690 1931 3691 ⁷
2137 3617 2141 3621 ’

445 3768 456 3778 ·
476 3697 798 3770 Impudentiae
828 3696 1219 3774 negotiatorum]
1289 3697 1553 3772 posterius
1582 3697 1893 3757 Paconium
1927 3696 1988 3754 δί
2019 3694 2147 3750 item
2181 3687 2362 3773 Tusce-3

335 3826 346 3834 ,
398 3780 560 3829 mum
593 3772 875 3856 quendam
907 3774 1168 3851 nominat
1196 3815 1217 3845 ‚
1269 3775 1369 3853 qui
1402 3791 1534 3838 cum
1569 3776 1810 3838 acerbius
1840 3793 1875 3835 a
1904 3769 2151 3856 Quintilio
2179 3765 2365 3828 trailatz

1883 4004 1886 4009 ’
1916 3998 1925 4071 1
