2514 4438
264 240 417 337 256
527 230 1244 310 munzun-1151.
1278 213 2086 309 ‘comnena-ansus

267 377 421 419 anno
450 356 628 420 creari
651 373 684 413 a
714 354 907 412 senatu
936 369 1057 411 non
1082 361 1318 426 poterat.
1347 348 1425 410 fic
1454 349 1606 436 enim
1641 370 1766 413 mos
1798 355 2077 431 majorum
2109 355 2323 416 obvi-:1

259 446 456 509 nuerat
476 475 494 503 ,
530 443 626 501 ut,
667 448 798 488 cum
827 429 1008 500 nullus
1027 427 1148 505 jam
1182 427 1315 487 effet
1343 429 1597 505 patricius
1625 430 1961 505 magistratus
1978 429 2145 499 ‚tunc
2167 431 2293 491 de·
2320 427 2331 436 ⁸

257 527 421 572 mum
451 511 689 568 interrex
721 517 754 565 a
783 506 974 565 senatu
1002 509 1290 563 crearetur.
1321 516 1378 563 at
1404 506 1517 563 hoc
1544 523 1694 564 anno
1726 549 1745 576 ,
1799 508 2289 567 mortuis‘Hirtio

215 597 222 601 ’
260 589 325 646 δι
352 587 521 644 Pansa
551 583 859 643 consulibus
889 623 907 652 ‚
958 581 1052 640 alii
1078 592 1267 639 tamen
1296 580 1357 638 fu
1396 594 1611 639 ererant
1676 584 1852 654 atricii
1883 584 2241 658 magistratus
2262 628 2287 654 ‚

256 674 323 721 ut
354 673 618 738 praetores
634 702 653 729 ,
691 658 880 718 aediles
910 658 1136 715 curules
1165 657 1241 716 ita
1270 675 1351 715 no
1390 676 1453 716 us
1479 668 1593 716 erat
1660 653 1851 718 ifficilis
1869 701 1887 726 ‚
1925 660 2053 736 quia
2070 680 2287 737 neque

258 751 469 816 praetor
500 779 519 807 ,
555 747 652 795 aut
683 734 854 793 sedilis
881 735 1092 792 curulis
1108 734 1310 791 habere
1341 733 1693 794 sacerdotum
1716 736 1945 793 comitia
1986 748 2221 811 poterat
2254 759 2283 806 ς,

262 816 326 873 &
361 857 380 885 ,
415 815 516 891 qui
543 807 853 896 pot-niffen,
891 810 1131 867 interrex
1163 851 1182 878 ,
1218 810 1263 867 is
1292 826 1367 867 ne
1399 811 1567 868 creari
1599 808 1811 886 poffet,
1852 811 2287 872 eorum·cauffa
2348 861 2353 864 .
2453 825 2461 840 ·

258 889 447 950 fiebat.
475 889 711 965 auspicia
740 903 894 945 emm
925 886 1124 971 quibus
1153 903 1287 944 eum
1314 898 1495 964 patres
1525 903 1706 945 creare
1735 886 1880 945 soliti
1913 899 2066 947 erant
2089 931 2108 958 ‚
2148 887 2279 965 (rri-
2330 943 2334 952 .

259 967 343 1025 hil
374 967 526 1025 enim
544 1007 563 1034 ,
599 980 785 1040 neque
814 961 1031 1037 publice
1047 1005 1066 1032 ‚
1102 979 1289 1037 neque
1317 962 1576 1037 privatim
1595 1005 1611 1031 ‚
1628 964 1852 1039 majoris
1880 966 1999 1033 rei,
2018 964 2134 1022 fine
2164 967 2315 1023 ιιι-ὖ

258 1043 294 1101 f
323 1044 438 1101 iciis
471 1083 490 1110 ,
541 1040 688 1116 apud
717 1049 931 1097 veteres
962 1038 1273 1115 gerebatur)
1317 1038 1497 1097 redire
1525 1037 1596 1095 ‘ad
1612 1040 1643 1095 ‘i
1682 1040 1766 1097 sos
1799 1057 1918 1098 non
1945 1041 2213 1115 poterant
2247 1084 2273 1108 ,

428 1117 522 1177 vel
549 1133 692 1175 unus
721 1113 854 1173 effet
880 1115 1138 1190 patricius
1168 1114 1520 1188 magistratus.
1542 1132 1621 1172 ex
1642 1115 1976 1191 perstandum
2008 1118 2173 1191 igitur
2200 1135 2278 1174 e-

260 1206 350 1253 rat
379 1237 398 1264 ,
440 1193 624 1252 donec
649 1192 866 1268 patn‘cii
911 1189 1247 1265 magistratus
1278 1208 1466 1249 annuo
1501 1207 1738 1249 munere
1770 1189 1940 1252 effent
1968 1194 2271 1267 perfunffi.
2298 1207 2301 1212 ·

262 1281 402 1329 tunc
430 1265 592 1329 enim'
616 1279 826 1327 creatus
856 1267 1096 1326 interrex
1125 1286 1157 1326 a
1241 1267 1409 1325 triciis
1418 1265 1754 1330 senatoribus
1769 1269 1997 1326 comitia
2014 1273 2263 1345 primum

263 1346 577 1406 consulibus
602 1345 856 1421 rogandis
874 1387 892 1414 ,
917 1342 1130 1402 deinde
1178 1343 1522 1402 acerdotibus
1552 1342 1834 1402 habuiflet.
1870 1346 1993 1402 Aut
2020 1345 2265 1420 intellige

261 1422 359 1483 fic.
413 1423 660 1481 Comitia
689 1424 933 1498 primum
965 1420 1261 1478 consularia
1289 1421 1528 1478 interrex
1550 1418 1851 1490 habuiffet‚
1889 1419 2093 1480 deinde
2125 1439 2263 1479 con-

263 1499 404 1559 futes
434 1500 600 1557 creati
627 1499 972 1557 sacerdotum
991 1497 1235 1555 comitia
1263 1495 1363 1571 ipfi
1392 1494 1719 1555 habuiffentj
1756 1497 1913 1573 quod
1958 1496 2264 1568 similitudi-

264 1593 403 1636 nem
436 1576 679 1634 veritatis
711 1576 820 1633 ma·
867 1591 985 1631 rem
1016 1573 1217 1630 habet:
1256 1584 1322 1629 ut
1349 1573 1631 1647 interregis
1661 1589 1771 1631 una
1805 1587 1932 1632 cura
1966 1573 2039 1633 de
2066 1592 2259 1649 rogan-

265 1650 353 1709 dis
380 1651 684 1708 consulibus
718 1592 882 1715 diga
924 1649 1169 1707 consules
1198 1647 1400 1707 deinde
1430 1649 1638 1725 reli'qua
1652 1647 1994 1725 perficerent.
2049 1652 2258 1727 ‘Quaeri
2318 1707 2324 1720 ,

264 1726 479 1805 potest,
518 1744 648 1794 cur,
687 1724 1169 1802 quemadmodum
1202 1723 1481 1799 Crispinus
1511 1726 1699 1783 consul
1729 1726 1903 1784 morti
1932 1728 2275 1802 proximuS‚'

263 1803 494 1864 secundi
522 1803 648 1862 belli
677 1803 872 1861 Punici
903 1802 1243 1877 temporibus
1262 1843 1280 1870 ,
1318 1800 1649 1860 dictatorem
1681 1800 1817 1859 dixit
1836 1845 1853 1870 ,
1891 1819 1965 1860 ne
1997 1802 2132 1878 resp.
2146 1802 2248 1860 fine

269 1880 577 1939 consulibus
611 1878 774 1948 effet,
814 1881 963 1955 (jam
994 1880 1148 1939 enim
1181 1878 1341 1936 &M
1355 1878 1649 1936 Marcellus
1668 1921 1686 1947 ,
1725 1877 1933 1953 collega
1950 1877 2150 1954 ipsius,
2178 1879 2255 1936 in-

268 1957 531 2015 terfeflus
564 1960 704 2033 erat)
735 1957 932 2014 itidem
949 1956 1126 2014 -Pansa
1159 1997 1176 2023 ,
1214 1955 1435 2013 summo
1466 1957 1527 2013 in
1554 1955 1693 2012 vitae
1724 1953 2038 2013 discrimine
2070 1955 2255 2012 consti-

267 2041 420 2091 tutus
438 2074 457 2101 ,
494 2032 820 2093 dictatorem
855 2050 973 2090 non
1006 2032 1234 2097 dixerit;
1276 2049 1308 2089 a
1345 2049 1461 2106 quo
1492 2033 1552 2088 ὃς
1581 2029 1867 2089 consulum
1887 2075 1910 2110 ,v
1944 2031 2259 2089 &sacerdo-

268 2118 395 2166 tum
416 2150 435 2177 ‚
469 2122 564 2165 aut
594 2108 782 2165 saltem
816 2108 1103 2166 consulum
1124 2149 1141 2175 ‚
1180 2108 1281 2182 qui
1296 2106 1497 2163 deinde
1526 2105 1829 2166 sacerdotes
1856 2120 2117 2183 rogarent
2135 2109 2260 2176 ‚ha-

269 2182 394 2242 beri
435 2182 662 2241 comitia
709 2181 939 2257 poffent.
1015 2185 1184 2241 Hanc
1227 2181 1633 2242 dubitationem
1667 2183 1827 2242 facile
1855 2184 2001 2243 tollit
2030 2183 2262 2242 historia.

268 2276 390 2320 non
420 2260 571 2317 enim
600 2274 717 2335 quo
749 2270 1008 2333 tempore
1032 2257 1200 2316 Pansa
1230 2259 1395 2332 periit
1413 2301 1431 2327 ,
1471 2261 1641 2317 creari
1671 2259 1999 2320 dictatorem
2033 2260 2262 2319 licebatt

267 2351 405 2475 {um
434 2335 712 2394 dictatoris
741 2352 954 2393 nomen
983 2335 1067 2393 M.
1099 2334 1382 2403 Antonius
1414 2334 1603 2394 consul
1635 2336 1881 2397 funditus
1920 2339 2043 2416 jam
2090 2357 2123 2395 e
2153 2350 2263 2412 rep.

293 2411 566 2470 ustuhflet.
1356 2430 1365 2439 '

269 2564 312 2627 n
349 2489 525 2565 Pansa
557 2492 714 2578 agive]
752 2490 795 2548 is
809 2488 1085 2549 Bononiae
1115 2487 1351 2565 perierat
1382 2505 1451 2545 ex
1472 2489 1785 2549 vulneribus
1799 2487 2110 2548 Mutinensi
2123 2505 2265 2565 proe-

311 2582 351 2624 o
382 2582 511 2624 acce
549 2578 635 2626 trs.
1386 2588 1391 2589 ’
1566 2594 1571 2599 ·

348 2585 649 2719 surroglizffet
666 2645 727 2714 ,Ἰ
766 2644 827 2702 in
853 2644 1046 2716 locum
1076 2642 1248 2700 Hirtii
1280 2642 1484 2702 eodem
1515 2642 1715 2719 proelio
1745 2642 2040 2702 interfeffi.
2122 2666 2129 2673 ·

349 2725 589 2776 Pratoria
607 2722 668 2804 ,]
700 2715 1044 2794 'designandis
1075 2716 1407 2795 insequentis
1438 2720 1568 2778 anni
1592 2720 1934 2794 praetoribus.
1965 2719 2037 2777 de
2071 2719 2262 2779 consu-

268 2792 469 2854 laribus
500 2792 741 2852 comitiis
759 2837 775 2863 ‚
813 2813 946 2870 quae
975 2806 1103 2854 ante
1125 2796 1385 2869 praetoria
1414 2795 1651 2864 fiebant,
1689 2794 1821 2854 ideo
1836 2797 2265 2864 non'meminit,

269 2870 407 2945 quia
432 2868 693 2942 defignati
715 2871 836 2945 jam
870 2882 1024 2929 erant
1050 2890 1083 2929 a
1111 2872 1177 2928 C.
1209 2871 1427 2930 Caesare
1458 2915 1476 2940 ‚
1525 2870 1841 2930 Parthicum
1874 2871 2080 2931 bellum
2097 2914 2100 2919 ·
2117 2873 2266 2946 cogi-

271 2956 428 3002 tante
459 2986 479 3013 ,
517 2945 615 3020 qui
646 2946 765 3020 post
793 2946 1044 3004 Hirtium
1074 2948 1135 3004 δε
1164 2946 1393 3005 Pansam
1424 2947 1669 3005 consules
1699 2945 1870 3006 effent
1903 2990 1922 3015 ‚
1960 2947 2031 3005 L.
2063 2949 2268 3005 Muna-

272 3020 383 3078 tius
412 3019 639 3079 Plancus
659 3063 676 3088 ,
717 3021 777 3077 &
807 3020 883 3078 D.
911 3023 1104 3095 Junius
1134 3021 1348 3080 Brutus,
1422 3024 1498 3081 Et
1526 3024 1798 3098 praetoriis
1827 3022 2162 3082 antecefflffe
2190 3023 2266 3081 sa-

272 3096 566 3157 cerdotum
597 3095 825 3154 comitia
859 3140 877 3167 ,
929 3098 1085 3175 quod
1115 3097 1353 3157 deorum
1384 3098 1787 3157 immortalium
1817 3100 2149 3174 religionem
2179 3118 2263 3157 re-

271 3172 655 3306 busnlffiamanis
686 3189 914 3248 aequum
947 3171 1079 3234 effet
1107 3174 1408 3251 anteponi,
1445 3176 1538 3234 vel
1564 3176 1656 3233 hic
1686 3177 1841 3234 locus
1872 3176 2155 3251 perspicue
2172 3175 2267 3232 de-

273 3265 379 3308 mo
520 3259 559 3305 t.
828 3271 833 3275 '
1147 3308 1150 3311 ,

333 3324 670 3404 εαανῲτιινη
699 3326 928 3461 comitia}
967 3325 1091 3384 haec
1121 3343 1238 3384 non
1273 3369 1290 3394 ,
1342 3340 1406 3386 ut
1436 3326 1844 3400 magistratuum
1879 3371 1898 3397 ,
1934 3327 2264 3406 quotannis;

271 3399 369 3534 {ed
397 3443 414 3470 ,
469 3417 599 3461 cum
630 3402 886 3476 surrogan
923 3420 987 3461 us
1018 3404 1212 3479 aliquis
1241 3400 1374 3462 effet
1405 3405 1467 3463 in·
1492 3404 1774 3465 demortui
1800 3407 1993 3466 locum*
2029 3448 2049 3475 ,
2102 3404 2265 3463 habe-

314 3488 488 3536 antur.
1746 3514 1753 3519 ·

231 3574 236 3581 ·
321 3580 328 3589 f
352 3562 451 3609 Per
479 3553 721 3636 auspicia]
761 3572 892 3632 quae
919 3555 990 3613 ad
1017 3557 1277 3631 patricios
1306 3556 1639 3630 magistratus
1655 3555 2001 3633 pertinebant
2018 3597 2036 3626 ‚
2077 3571 2184 3616 nec
2199 3551 2277 3612 ad·

275 3626 560 3699 senatum,
600 3632 702 3690 nifi
733 3649 864 3689 cum
897 3631 937 3689 ii
964 3649 1082 3690 non
1113 3630 1284 3690 effent
1304 3634 1633 3701 ,transferri
1662 3644 1935 3708 poterant.
2112 3656 2137 3675 ·—

293 3755 300 3761 .
352 3709 519 3786 quus]
559 3707 710 3781 quafi
742 3709 919 3774 dicat,
962 3707 1078 3766 duo
1109 3725 1259 3765 nunc
1289 3708 1445 3778 sunt,
1484 3720 1729 3785 praetor,
1767 3711 1827 3768 ὃ(
1858 3708 2030 3768 aedilis
2060 3709 2270 3768 curulis.

275 3781 494 3859 patricii
523 3783 675 3842 enim
707 3783 1042 3863 magistratus
1074 3783 1396 3846 dicebantur
1425 3786 1467 3844 ii
1499 3810 1518 3856 5
1552 3785 1654 3865 qui
1686 3828 1707 3860 ‚
1745 3786 2024 3863 majorum
2058 3796 2222 3847 aetate
2251 3824 2269 3851 ‚

2183 3878 2273 3941 1³²⁹.
