2514 4438
246 230 393 321 613Ἰ
485 216 780 317 Pam-,2
828 236 1213 312 Manu-r.
1257 232 2044 313 conum-rums
2117 296 2120 297 f

317 363 682 440 Byzantium,
718 373 817 418 aut
848 367 926 419 Br
984 355 1177 415 'arnum
1240 366 1308 417 ut
1335 375 1368 417 a
1396 356 1678 435 Byzantiis
1710 400 1731 427 ,
1766 353 1927 438 quod
1957 375 2055 417 eos
2088 357 2344 419 tribu&-
2388 424 2395 437 ,

246 457 352 502 nus
383 442 456 519 pl.
490 439 561 498 ab
588 437 798 498 exsulio
827 436 919 495 sua
971 451 1071 512 ege
1099 452 1128 494 r
1208 434 1403 494 ’tuerat
1413 455 1435 501 ς
1474 454 1508 494 a
1534 435 1827 510 Brogitaro
1856 416 2048 495 auiem
2066 477 2087 504 ,
2105 435 2307 513 quod

247 534 382 576 eum
417 516 615 576 Matris
645 515 878 589 Magnae
910 522 1029 572 tem
1068 512 1129 571 10
1159 511 1491 589 praefecerat
1524 555 1542 581 ,
1596 509 1918 597 promissam
1960 512 2318 589 pecuniam-

248 594 512 673 egigeret.
546 591 679 651 ideo
711 590 989 667 subjungit
1073 589 1225 647 icero
1253 629 1274 659 ,
1301 589 1454 665 plena
1488 609 1562 646 res
1595 598 1947 648 nummorum.
1976 589 2085 648 hac
2121 599 2304 648 utra-

292 685 364 727 ue
394 668 466 728 de
497 686 558 729 re
585 667 709 727 satis
737 678 925 743 aperte
956 667 1017 724 in
1038 664 1308 724 ‘oratione
1335 683 1441 745 pro
1470 665 1680 729 Sextio,
1758 673 1912 742 Lege,
1929 665 2120 743 inquit
2136 707 2156 734 ,
2175 667 2299 723 tri-

248 686 454 802 anicia
470 744 669 804 Matris
684 750 885 818 Magna
911 739 1247 814 Peffmuntius
1277 740 1358 798 iun
1372 741 1603 817 sacerdos
1628 740 1859 821 expulsus
1877 785 1896 814 ,
1933 758 2002 803 <9⁹
2020 741 2303 821 spoliatus

236 821 520 900 sacerdotio
545 821 612 895 est
642 841 661 887 3
685 820 982 896 sanumque
998 816 1438 892 fimb't‘iffimarum
1467 833 1625 899 atque
1647 812 2126 898 ‘antiquissimarum
2160 818 2300 875 reli-

245 899 461 976 gion‘um
493 897 766 956 venditum
822 895 1034 970 pecunia
1074 894 1265 970 grandi
1293 896 1555 970 Brogitaro
1587 938 1613 965 ‚<
1662 894 1857 981 impuro
1884 894 2079 952 homini
2107 931 2127 964 ‚
2187 911 2294 951 at-

243 993 354 1059 gue
385 974 586 1051 indigno
609 973 699 1029 illa
728 970 950 1046 religione
965 1013 982 1040 ‚
1011 968 1285 1046 prasertim
1317 989 1433 1029 cum
1462 991 1578 1029 eam
1601 970 1704 1046 fibi
1717 971 1799 1028 zue
1813 991 1919 1028 non
1931 970 2157 1039 colendi,
2180 971 2295 1047 sed

251 1050 485 1108 violandi
512 1049 682 1124 cauffa
695 1044 943 1133 appettffit
959 1067 975 1105 ι
994 1047 1187 1104 reducti
1197 1045 1388 1122 exsules
1402 1049 1733 1123 Byzantium
1753 1093 1770 1120 ,
1790 1046 2111 1105 condemnati
2127 1059 2282 1118 tum,
2306 1048 2316 1062 '

251 1145 374 1183 cum
404 1123 689 1184 indemnati
715 1142 851 1180 cives
876 1144 902 1179 e
929 1124 1142 1179 civitate
1166 1123 1500 1198 ejiciebantur.
1534 1126 1596 1183 &
1624 1142 1730 1202 pro
1759 1125 1940 1185 domo
1974 1123 2101 1182 sua:
2126 1120 2286 1181 Idem

254 1219 320 1261 tu
348 1220 459 1259 una
487 1202 580 1278 lege
609 1199 768 1274 tulisti
786 1242 805 1269 ,
842 1215 906 1258 ut
939 1200 1157 1278 Cyprius
1183 1219 1277 1257 rex
1292 1219 1408 1257 cum
1423 1199 1561 1258 bonis
1577 1200 1912 1277 omnibussub
1920 1199 2287 1277 preconesubss-

243 1280 483 1357 Jioeretur
499 1320 518 1348 ,
557 1284 625 1341 (μ’
653 1275 843 1352 exsules
874 1276 1203 1353 Byzantium
1235 1276 1601 1335 reducerentur.
1631 1278 1691 1337 in
1723 1296 1790 1337 ea
1806 1295 1945 1337 vero
1960 1275 2031 1335 de
2062 1276 2282 1363 aruspi-

252 1372 392 1416 cum
421 1353 685 1433 responfis
701 1396 722 1423 ‚
758 1354 885 1432 quid
907 1372 990 1428 ego
1006 1395 1024 1421 ,
1063 1353 1280 1432 inquit,
1295 1353 1349 1410 id
1379 1355 1605 1412 admiror
1622 1396 1640 1424 ,
1657 1356 1748 1433 qui
1766 1398 1783 1425 ,
1800 1366 1997 1432 accepta
2015 1366 2242 1430 pecunia
2263 1394 2286 1423 ,

256 1431 597 1507 Peff'muntem
623 1431 785 1509 ipsum
804 1471 821 1499 ,
848 1430 1018 1507 sedem
1047 1430 1447 1519 donnieiliumque
1474 1432 1663 1490 matris
1690 1432 1899 1489 deorum
1935 1473 1952 1500 ,
1991 1427 2227 1503 vastaris
2259 1470 2286 1497 ,

254 1527 326 1571 ο·
354 1510 620 1585 Brogitaro
650 1508 943 1585 Gallograco
957 1548 975 1575 ,
1010 1505 1208 1583 impuro
1237 1505 1430 1566 homini
1449 1550 1468 1576 ,
1502 1528 1565 1564 ac
1594 1509 1782 1581 nefhrio
1797 1550 1815 1576 ,
1836 1522 2002 1565 totum
2016 1505 2170 1563 illuns
2199 1505 2283 1561 lo-

254 1605 375 1643 cum
393 1627 411 1655 ,
436 1577 731 1663 janumque
760 1582 1085 1640 vendideris?
1124 1583 1198 1640 Et
1229 1624 1246 1651 ,
1287 1584 1444 1660 quod
1471 1584 1542 1643 ad
1569 1583 1869 1661 Byzantios
1903 1583 2111 1642 exsules
2141 1582 2282 1640 atti-

251 1671 394 1729 net,
431 1678 503 1720 ne
540 1660 724 1720 otium
753 1657 920 1728 illud,
955 1657 1122 1717 tradit
1149 1658 1503 1730 PlutarchuS,
1542 1661 1629 1719 M.
1662 1661 1915 1721 Catonia
1934 1658 2141 1718 Clodio
2157 1653 2281 1719 effe

250 1738 472 1797 comm'
519 1753 618 1797 um
638 1778 656 1805 ‚
694 1745 759 1794 ut
792 1753 864 1794 eo
896 1734 1132 1805 diutius,
1167 1734 1308 1795 dum
1340 1754 1438 1797 eos
1457 1735 1588 1813 iege
1621 1734 1820 1798 Clodia
1839 1779 1857 1805 ,
1895 1738 2017 1797 hoc·
2038 1733 2279 1811 estjuss'u

299 1831 339 1872 o
378 1814 456 1873 uli
484 1814 790 1873 restitueret
806 1855 823 1883 ,
860 1811 930 1871 ab
956 1812 1094 1871 urbe
1121 1809 1360 1871 abess‘et:
1400 1830 1519 1893 quo
1549 1813 1754 1873 scilicet
1786 1816 1797 1825 ’
1840 1813 1894 1873 se
1922 1812 2096 1888 magis
2111 1810 2276 1870 adli-

238 1831 317 1950 ‘gi
362 1892 372 1902 “
417 1909 511 1952 em
541 1891 695 1951 suam
716 1933 734 1960 ‚
773 1889 1052 1949 Cicerone
1067 1889 1293 1965 expulso
1311 1926 1329 1960 ‚
1368 1889 1591 1952 Catone
1604 1908 1730 1951 ama
1809 1901 1903 1948 ato
1923 1931 1941 1959 ,
1979 1906 2283 1964 remove·

258 1985 391 2027 xare
423 1967 615 2046 pofl'et.
650 1966 892 2026 exeundi
921 1967 1087 2041 igitur
1102 1966 1311 2027 Clodio
1330 1966 1505 2028 caussa
1524 1978 1638 2029 erat
1656 2010 1674 2037 ‚
1714 1978 1776 2026 ut
1790 1966 2116 2055 syngraphas
2146 1981 2282 2050 per·-

256 2042 578 2130 sequeretur
605 2043 737 2102 suas.
765 2042 915 2103 unde
942 2042 1004 2101 in
1036 2059 1104 2101 ea
1134 2043 1445 2119 aruspicum
1473 2043 1737 2131 responsis
1763 2087 1782 2115 ,
1821 2052 2094 2120 DaeJotarus
2125 2083 2145 2109 ,
2183 2059 2279 2099 m-

302 2132 385 2178 ult
401 2162 419 2188 ,
453 2120 522 2195 est
552 2140 645 2177 rex
686 2120 853 2176 'udicio
866 2118 1083 2194 sinatus
1097 2160 1116 2188 ,
1144 2130 1235 2194 per
1267 2138 1388 2179 nos:
1427 2128 1757 2195 Brogitarum
1779 2119 1972 2198 putabo
2002 2138 2160 2196 regem
2180 2159 2195 2186 ,
2218 2117 2286 2194 fi

255 2137 493 2257 zabae-rit
509 2240 526 2266 ,
564 2214 600 2253 u
727 2193 822 2252 tibi
837 2193 1022 2270 filvat
1039 2237 1057 2264 ,
1095 2195 1230 2274 quod
1255 2194 1302 2258 ei
1319 2209 1412 2274 per
1429 2196 1783 2276 syngrapham
1797 2195 2051 2270 credidisti.
2153 2192 2281 2256 uod

256 2279 447 2332 autem
478 2273 677 2349 legitur
704 2312 723 2341 ‚
761 2286 859 2327 aut
887 2272 1213 2347 Brogitarum
1234 2314 1251 2341 ,
1291 2275 1387 2331 vix
1420 2287 1561 2349 puto
1585 2275 1801 2334 Latine
1832 2273 2046 2332 dicium
2077 2313 2094 2341 ,
2138 2288 2275 2332 cum

256 2350 504 2485 {mainis
531 2366 747 2410 nomen
775 2346 840 2407 fit
869 2365 988 2407 non
1015 2349 1160 2407 loci:
1201 2346 1448 2427 ideoque
1481 2352 1745 2428 particula
1765 2350 1871 2421 ,ad
1888 2346 2141 2421 ,videtur
2174 2346 2275 2406 ad·-
2345 2381 2348 2388 ‹

300 2442 370 2485 en
409 2444 457 2494 a.
2008 2467 2016 2478 .

337 2511 461 2562 Aut
491 2506 793 2586 utrunque]
818 2504 909 2564 vel
929 2546 947 2572 ,
985 2518 1197 2583 utroque
1213 2547 1231 2573 ‚
1270 2514 1335 2565 ut
1362 2503 1434 2565 ad
1461 2504 1797 2581 legationem
1832 2503 2102 2562 referatur
2115 2543 2133 2571 ,
2150 2518 2279 2559 ma·-

257 2578 361 2640 lim
387 2584 569 2659 legere
604 2603 619 2642 t
659 2582 750 2644 vel
782 2624 799 2652 ‚
837 2582 878 2641 fi
910 2625 928 2652 ,
965 2596 1260 2660 utrunque,
1298 2583 1601 2644 retinemus
1619 2624 1638 2651 ,
1675 2579 1746 2641 ad
1778 2580 2012 2640 verbum
2031 2623 2051 2649 ,
2089 2582 2231 2655 eup'zt
2248 2620 2269 2647 ,

258 2660 738 2722 accommodetur.

336 2738 493 2810 Qod
526 2738 666 2815 volo]
706 2736 778 2795 de
812 2735 1067 2811 operibus
1087 2776 1104 2802 ‚
1143 2735 1205 2793 &
1234 2735 1691 2811 inscriptionibus

335 2814 433 2867 Ad
464 2814 687 2885 nostrum
723 2813 948 2890 Jovem]
989 2824 1051 2869 ut
1083 2828 1148 2870 ea
1165 2852 1184 2881 ,
1221 2829 1354 2888 quae
1382 2812 1597 2888 Jupiter
1627 2814 1686 2870 in
1717 2820 1974 2872 extremo
2005 2810 2103 2870 illo
2119 2807 2270 2869 libro

257 2888 428 2962 praeci
470 2891 546 2955 it,
585 2888 957 2945 observemus.
1427 2891 1436 2900 “
1993 2943 1996 2952 ι

337 2968 397 3019 A
471 2981 529 3021 11
545 2981 590 3020 1.
618 2962 686 3019 id.
723 2964 889 3038 MaJi]
949 2979 1120 3039 quam
1155 2965 1330 3023 multa
1363 2966 1616 3039 peccavit
1649 2965 1858 3025 incuria
1902 2963 2279 3025 librariorum.

257 3039 372 3099 h0c
404 3039 465 3097 &
495 3054 627 3116 quae
656 3038 830 3115 usque
856 3038 927 3098 ad
960 3051 1268 3099 extremam
1300 3042 1583 3115 epistolam
1601 3041 1901 3119 sequuntur
1919 3082 1937 3109 ‚
1956 3039 2105 3100 reete
2120 3057 2279 3100 nunc

258 3128 429 3193 atque
462 3115 657 3174 ordine
685 3113 808 3173 sunt
840 3114 1092 3192 imprefl'a
1124 3117 1181 3174 in
1213 3116 1404 3175 nostris
1439 3113 1583 3176 libris
1619 3160 1636 3188 ‚
1689 3118 1752 3176 iis
1785 3162 1802 3188 ,
1840 3134 1983 3195 quos
2011 3117 2278 3193 proxime

261 3192 554 3250 edidimus
594 3192 786 3252 ceteris
818 3193 875 3251 in
907 3193 1165 3251 omnibus
1186 3234 1201 3261 ,
1238 3204 1383 3269 quot
1425 3205 1526 3253 uot
1555 3193 1626 3253 ad
1656 3212 1784 3255 earn
1817 3194 1969 3253 diem
1988 3195 2277 3261 exierant,

261 3287 393 3340 cum
427 3269 550 3326 aliae
580 3274 758 3341 partes
794 3280 947 3329 erant
975 3269 1307 3345 praepostere
1342 3287 1412 3327 co
1433 3271 1632 3329 locatae
1651 3282 1808 3340 ,tum
1836 3273 1962 3329 haec
1977 3270 2085 3346 ipsa
2107 3287 2277 3348 ‚quae

259 3362 411 3404 nunc
439 3344 771 3412 tractamus,
807 3362 939 3422 quae
968 3346 1246 3422 Pompejo
1280 3347 1341 3405 &
1376 3343 1568 3405 Crass‘o
1598 3364 1710 3406 cos.
1744 3348 1937 3424 scripta
1970 3345 2077 3405 effe
2112 3347 2278 3405 facile

260 3421 615 3497 cognoscitur
632 3461 647 3488 ,
669 3420 965 3496 conjuncta
994 3422 1316 3497 legebantur
1344 3439 1474 3481 cum
1505 3441 1570 3481 ea
1601 3425 1822 3500 epistola
1843 3467 1860 3492 ‚
1878 3425 2032 3500 cujus
2048 3422 2277 3488 initium

259 3500 336 3556 est
356 3543 374 3567 ‚
409 3498 644 3556 dederam
674 3497 744 3553 ad
776 3513 856 3556 te:
897 3516 1069 3575 quam
1098 3517 1169 3558 eo
1197 3499 1450 3586 scriptam
1486 3517 1636 3558 anno
1658 3543 1674 3569 ,
1692 3518 1809 3578 quo
1839 3501 2193 3559 Marcellinus
2212 3501 2278 3557 δε

255 3574 537 3652 Philippus
567 3573 914 3633 consulatum
946 3574 1255 3649 gesserunt,
1295 3578 1416 3635 1atis
1441 3576 1560 3652 jam
1581 3619 1598 3645 ,
1638 3594 1768 3635 cum
1801 3595 1926 3636 eam
1962 3593 2277 3653 exponere-

258 3668 383 3710 mus
406 3695 423 3721 ‚
465 3651 854 3726 probavimus:
896 3664 957 3708 ut
987 3669 1094 3711 una
1128 3653 1353 3727 epistola
1387 3652 1603 3712 duobus
1636 3653 1791 3714 annis
1807 3654 2098 3730 perscripta
2117 3653 2278 3711 vide-

248 3741 422 3785 retur.
452 3730 565 3786 hoc
594 3728 796 3785 vitium
835 3743 965 3786 cum
1003 3727 1265 3786 haetenus
1293 3747 1467 3787 nemo
1500 3727 1968 3790 ani‘rnadvertifl‘et
2004 3773 2020 3799 ,
2079 3729 2279 3805 depre-

148 3881 155 3887 ,
251 3805 423 3876 hendi
451 3805 663 3874 statim,
702 3821 810 3864 nec
836 3803 912 3864 ita
945 3821 1159 3882 magno
1184 3807 1420 3880 negotio
1458 3846 1477 3875 ,
1517 3822 1649 3867 cum
1684 3804 1754 3866 ad
1785 3807 1938 3867 hunc
1968 3808 2161 3867 locum
2195 3807 2282 3870 in·

2172 3895 2282 3942 ter-
