2514 4438
1042 134 1077 165 N

298 223 408 302 ‘16
571 224 884 301 Elusa-I
930 224 1059 302 'AD
1105 224 1567 337 Qumruu
1617 226 2105 305 FRATREM

311 373 589 462 operam
636 351 769 424 esse
814 349 1218 448 ponendam.
1316 348 1548 445 Quare
1578 352 1899 451 quoniam
1928 353 2001 427 in
2032 351 2170 427 istis
2202 357 2324 425 tir-3

310 447 515 523 bibus
556 473 718 523 cum
763 455 1031 524 summo
1080 449 1367 549 imperio
1410 451 1486 523 &
1515 450 1834 548 potestate
1856 451 2127 535 versaris
2159 508 2181 542 ‚
2239 452 2320 524 in

199 613 206 622 .
308 546 564 647 quibus
589 568 735 622 tuas
776 549 1057 625 virtutes
1099 548 1502 623 consecrans
1543 550 1618 623 &
1661 557 1739 608 44
1767 550 1840 623 in
1868 550 2152 623 deorum
2186 576 2323 625 nu-

312 671 507 722 mero
532 648 885 721 collocatas
912 646 1137 722 vides:
1192 649 1268 722 in
1292 648 1611 722 omnibus
1637 648 1835 723 rebus
1864 675 2026 748 quas
2055 648 2329 740 statueS,

313 771 480 845 quas
516 746 827 820 decernes
840 805 862 838 ‚
909 771 1070 846 quas
1097 773 1249 849 ages
1276 805 1300 840 ‚
1349 747 1516 846 quid
1543 747 1737 820 tantis
1768 747 2131 821 hominum
2165 747 2327 846 opi-

212 846 219 851 ’
312 844 636 919 nionibus
657 903 681 938 ,
727 845 925 919 tantis
969 845 1054 919 de
1095 872 1167 920 re
1201 845 1474 947 judiciis
1503 904 1525 937 ‚
1567 846 1760 920 tantis
1801 845 2173 920 honoribus
2200 847 2330 919 de-

314 943 508 1037 beaS,
552 942 896 1045 cogitabis.
994 943 1075 1016 Id
1096 965 1318 1019 autem
1338 945 1464 1019 erit
1493 945 1818 1047 ejulmodi
1835 1004 1858 1038 ,
1908 964 1985 1017 ut
2017 944 2333 1019 consulas

252 1036 261 1048 '
315 1042 637 1120 omnibus
652 1101 675 1135 ‚
718 1051 793 1102 45
820 1064 900 1118 ut
928 1045 1228 1120 medeare
1252 1044 1705 1120 incommodis
1734 1044 2098 1118 hominum
2114 1102 2135 1134 ‚
2161 1070 2338 1142 pro-

315 1144 542 1222 videas
555 1142 781 1236 saluti,
796 1163 877 1218 ut
904 1164 969 1217 te
983 1165 1322 1241 parentem
1350 1143 1616 1218 Afiae&
1630 1143 1764 1218 dici
1780 1144 1856 1218 &
1888 1143 2114 1217 haberi
2130 1145 2330 1220 veliS.

214 1253 217 1261 '
423 1258 480 1332 §.
523 1273 552 1318 1
573 1271 630 1318 1.
677 1244 907 1343 Atque
925 1241 1085 1318 huic
1112 1265 1249 1319 tuae
1283 1243 1616 1327 voluntati
1642 1267 1719 1316 ac
1747 1243 2116 1344 diligentiae
2144 1243 2337 1316 diffi-

314 1344 633 1419 cultatem
658 1366 973 1443 magnam
997 1342 1285 1418 afferunt
1316 1341 1695 1440 publicani:
1730 1342 1978 1441 quibus=
2005 1340 2056 1413 fi
2086 1341 2336 1416 adver-

319 1445 540 1537 samur
570 1500 592 1533 ,
637 1440 947 1515 ordinem
989 1443 1073 1516 de
1122 1442 1318 1516 nobis
1361 1441 1623 1539 optime
1669 1442 1985 1514 meritum
2018 1498 2041 1532 ‚
2090 1441 2164 1514 &
2202 1467 2333 1539 per

316 1569 444 1618 nos
478 1566 638 1616 cum
669 1540 1011 1637 republica
1039 1540 1489 1641 conjunctum
1522 1599 1544 1632 ‚
1594 1542 1667 1614 &
1724 1540 1765 1615 a
1810 1540 2005 1612 nobis
2044 1541 2117 1613 &
2152 1539 2190 1613 a
2219 1567 2333 1613 re-

270 1700 276 1707 .
322 1641 595 1740 publica
616 1634 710 1733 *46
754 1636 1185 1739 dijungemus
1221 1668 1237 1714 ε
1294 1639 1396 1711 fin
1422 1660 1644 1712 autem
1676 1638 1996 1714 omnibus
2023 1638 2096 1711 in
2123 1639 2331 1713 rebus
2409 1662 2416 1673 ’

316 1740 767 1840 obsequemur
800 1793 822 1826 ‚
868 1735 1174 1813 funditus
1201 1764 1315 1812 eos
1342 1737 1556 1836 perire
1584 1739 1911 1835 patiemur
1938 1795 1960 1828 ‚
2023 1763 2329 1836 quorum

317 1865 464 1913 non
494 1839 705 1913 modo
734 1838 922 1912 saluti
956 1837 1065 1914 sed
1096 1845 1163 1898 4⁷
1201 1837 1400 1911 etiam
1429 1837 1806 1912 commodis
1834 1839 2178 1911 consulere
2206 1838 2329 1910 de-

320 1932 585 2013 bemus,
685 1940 865 2011 Haec
893 1938 991 2010 est
1020 1963 1153 2011 una
1206 1936 1288 2028 (fi
1327 1936 1496 2025 ,vere
1525 1936 1818 2036 cogitare
1847 1936 2198 2031 volumus)
2247 1937 2326 2009 in

322 2056 471 2111 toto
516 2036 800 2136 imperio
843 2056 968 2110 tuo
995 2035 1370 2110 difficultas.
1459 2037 1649 2108 Nam
1679 2033 1805 2108 effe
1829 2035 2269 2111 abstinentem
2292 2050 2330 2129 '‚

321 2136 668 2211 continere
697 2161 931 2209 omnes
968 2134 1393 2235 cupiditates,
1443 2135 1594 2207 suos
1634 2132 1937 2209 coercere
1967 2192 1990 2227 ‚
2029 2134 2200 2235 juris
2228 2161 2329 2209 ae-

322 2235 665 2337 quabilem
691 2243 915 2310 tenere
938 2235 1265 2309 rationem
1283 2295 1305 2328 ‚
1321 2232 1584 2308 facilem
1611 2254 1677 2308 te
1707 2234 1780 2307 in
1809 2233 2009 2309 'rebus
2038 2236 2330 2337 cognos-

320 2334 552 2410 cendis
580 2392 603 2428 ,
651 2336 723 2409 in
768 2334 1157 2412 hominibus
1203 2333 1548 2410 audiendis
1572 2334 2130 2434 admittendisque
2155 2345 2332 2434 prae-

321 2437 484 2510 bere
508 2490 531 2526 ,
597 2434 996 2532 praeclarum
1042 2434 1256 2535 magis
1304 2433 1402 2508 est
1446 2432 1652 2532 quam
1709 2433 2001 2507 difficile.
2046 2458 2188 2506 non
2228 2435 2330 2508 est

320 2533 507 2610 enim
536 2533 828 2632 positum
860 2534 933 2606 in
962 2532 1186 2607 labore
1210 2534 1440 2634 aliquo
1459 2588 1482 2621 ,
1527 2531 1635 2606 sed
1669 2532 1742 2604 in
1772 2532 2057 2631 quadam
2089 2532 2366 2607 inducss

282 2632 514 2709 :tione
532 2634 739 2706 animi
768 2651 969 2731 atque
997 2632 1366 2709 voluntate.
1393 2643 1394 2656 ¹
1434 2631 1557 2705 Illa
1584 2631 1773 2705 causa
1805 2621 2328 2727 publicanorum

325 2752 643 2831 quantam
667 2731 1085 2806 acerbitatem
1104 2731 1328 2807 afferat
1359 2730 1583 2819 sociis,
1638 2730 2089 2804 intelleximus
2115 2754 2202 2804 ex
2236 2731 2335 2803 ci-

328 2830 528 2906 vibus
555 2888 577 2921 ,
640 2831 761 2929 qui
806 2855 1025 2928 nuper
1065 2831 1137 2904 in
1183 2829 1499 2929 portoriis
1531 2828 1738 2903 ltaliae
1769 2830 2083 2902 tollendis
2114 2887 2137 2918 ‚
2187 2854 2332 2902 non

321 2949 461 3004 tam
485 2931 570 3002 de
600 2926 903 3027 portorio
933 2928 1139 3027 quam
1157 2930 1240 3002 de
1271 2928 1618 3003 nonnullis
1632 2928 1900 3026 injuriis'
1918 2929 2331 3024 portitorum

375 3025 794 3102 uerebantur.
887 3024 958 3084 4⁸
995 3027 1227 3125 Qare
1273 3054 1418 3102 non
1464 3028 1709 3125 ignoro
1739 3026 1906 3124 quid
1937 3025 2128 3098 sociis
2157 3028 2338 3099 acci·

371 3146 436 3202 at
464 3126 537 3201 in
567 3126 824 3201 ultimis
854 3126 1052 3221 terris⁸
1070 3183 1094 3218 ,
1157 3125 1321 3203 cum
1349 3125 1674 3201 audierim
1717 3123 1792 3197 in
1821 3124 2008 3200 Italia
2033 3126 2336 3224 querelas

2244 3248 2348 3298 ci-

385 3344 463 3388 44.
494 3333 546 3376 In
566 3329 734 3377 deorum
746 3328 1136 3378 numer-nonaum
1146 3327 1300 3387 vides]
1355 3324 1402 3375 so
1426 3325 1582 3375 verbo.
1614 3327 1804 3376 Gronov.

311 3388 523 3472 'Egregie
545 3391 742 3454 explicat
764 3387 1237 3457 Lipsiusnostetlibto
1254 3404 1293 3439 1.
1413 3404 1489 3449 47.
1522 3389 1668 3497 ἱιὶῗω
1711 3390 1933 3437 commodis
1978 3385 2183 3494 consnlffere
2219 3386 2341 3434 debe-

318 3451 1300 3574 ²¹Zffi⁰¹b¹ssnmfi³afarlssicffiasshfflm2
1356 3451 2340 3576 3:230.E}„23„¹353521ffl·„512„32122

321 3578 474 3629 Placet
496 3581 683 3655 anguium
706 3582 1024 3650 probonfinum.
1057 3574 1263 3647 quinus..
1360 3576 1562 3638 vulgato.
1590 3580 1717 3623 Grut.
1801 3639 1809 3650 .
2032 3633 2060 3649 ,⁴
2159 3636 2185 3650 ..

318 3645 608 3756 ‹033121203‘
611 3636 1088 3764 ”ssz'zffiss‘ssb‘fissssff
1082 3643 1298 3760 3333&
1361 3647 1491 3748 nit:
1514 3639 2072 3760 ffiffissff‘ssfsshissa‘
2081 3632 2340 3746 {⁰133}ss

326 3777 423 3819 res,
457 3764 635 3812 nullam
655 3763 906 3812 habuerunt
934 3763 1115 3810 cansam
1146 3794 1161 3816 ,
1191 3775 1299 3822 prae-
1361 3761 1723 3826 interrogatione
1746 3792 1763 3817 ,
1794 3760 1828 3808 fi
1853 3761 2198 3832 cupisdignam
2218 3757 2335 3812 Tul·-

328 3824 483 3873 sertim
510 3840 664 3889 -quum
695 3827 745 3874 in
777 3826 878 3875 aliis
920 3838 1117 3888 opetum
1162 3824 1301 3873 Tullii
1362 3825 1428 3878 lio
1449 3822 1739 3880 sementiam,
1770 3827 1904 3880 gam,
1941 3857 1948 3862 ,

319 3888 532 3959 fatibus
555 3886 619 3939 ita
639 3885 812 3942 ἐϊκὼς
838 3886 1038 3945 accusati
1057 3886 1109 3939 in
1129 3884 1222 3938 hoc
1236 3887 1302 3954 ip·
