2514 4438
318 275 457 362 312
695 259 1164 333 Panznur
1214 251 2022 330 Commissa-Anius

391 382 510 431 Hac
537 372 670 434 mibi
697 370 973 432 mutabam
1004 372 1061 430 in
1091 370 1343 450 mentem]
1384 371 1564 431 brevis
1595 372 1847 449 epilogus
1878 372 2123 449 partium
2149 375 2350 450 pfaeci·

312 465 553 528 puerum
587 451 759 510 totius
790 450 1010 525 operis:
1050 465 1120 507 ex
1151 447 1351 525 quibus
1384 489 1404 519 ,
1440 447 1782 527 peruastatis
1813 447 2023 508 duabus
2063 488 2083 519 ,
2118 451 2347 510 tertiam

317 525 633 614 aggreditur
650 568 670 597 ‚
710 525 783 585 de
810 526 944 584 loco
961 567 981 596 ‚
1018 524 1078 584 in
1108 541 1228 602 quo
1261 524 1418 601 petit.
1492 524 1846 586 Enumeratis
1878 525 2076 604 itaque
2090 525 2345 588 incolen-

320 613 466 662 tmm
501 603 649 663 vitiis
667 645 685 672 ,
725 602 944 662 summa
972 619 1117 677 opus
1147 596 1257 659 effe
1286 597 1579 677 prudentia
1613 599 1785 672 dicits,
1824 612 1890 661 ut
1920 602 2000 662 ita
2017 615 2342 673 caveantur,

267 711 276 720 -
319 695 394 738 ne
428 690 710 747 noceant3
750 696 930 738 unum
961 689 1152 736 autem
1183 695 1319 736 eum
1351 676 1558 737 habere
1586 676 1904 755 praefidium
1941 720 1960 748 ,
1999 696 2122 758 quo
2154 680 2357 741 homi-

321 770 465 813 num
498 755 637 815 alios
669 756 870 814 alliciat
883 796 904 825 ,
940 754 1076 813 alios
1106 772 1139 812 a
1165 752 1433 813 laedendo
1464 755 1725 832 repellat,
1750 753 1989 817 ‘dicendi
2004 755 2313 818 artificium
2327 797 2345 828 ,

325 830 488 908 quod
520 849 652 892 eum
687 832 783 891 dili
821 840 977 889 enter
1007 831 1247 889 retinere
1276 830 1443 904 vult.x

402 915 487 965 De
511 908 714 966 duabus
741 910 759 966 i
806 909 815 917 ’
865 904 1276 964 commotionibus
1287 907 1564 966 matutinis
1630 909 2042 970 commotionibus
2053 909 2275 971 habent
2287 911 2349 970 li·

326 982 415 1042 bri
441 984 647 1052 nostri,
686 985 748 1042 δε
777 983 964 1058 scripti
995 984 1056 1041 δε
1081 980 1341 1058 impreffi.
1380 983 1555 1042 Corra
1595 1001 1658 1043 us
1690 989 1749 1046 in
1782 988 1898 1047 aliis
1928 987 2043 1062 legi
2059 987 2350 1046 dicitcom·

329 1059 687 1118 monitionibus
715 1081 735 1128 ς
775 1077 906 1137 quae
935 1058 1107 1117 leffio
1138 1059 1344 1122 melior
1371 1059 1594 1119 videtur
1627 1079 1643 1117 z
1696 1061 1794 1122 sed
1818 1064 2089 1134 ,omnium
2121 1062 2349 1123 fortasse

328 1139 552 1211 optima
581 1137 686 1196 erit
717 1135 1220 1193 commentationibus
1252 1176 1272 1204 ,
1310 1133 1370 1194 id
1400 1136 1476 1194 est
1493 1178 1511 1204 ,
1549 1139 1980 1213 cogitationibus
2014 1140 2077 1199 δε
2107 1139 2348 1200 medita·

329 1212 593 1273 tionibus.
634 1211 930 1272 consentit
960 1213 1113 1271 enim
1148 1227 1282 1269 cum
1310 1211 1414 1271 illis
1442 1213 1659 1282 verbis3
1698 1216 1888 1273 civitas
1918 1234 2024 1302 que
2042 1211 2124 1292 fit
2154 1216 2311 1292 cogita
2327 1257 2349 1283 ,

332 1287 396 1347 &
429 1291 500 1345 ad
511 1292 698 1365 sorum
731 1288 824 1346 tibi
852 1287 1158 1364 descendenti
1188 1288 1498 1346 meditatum
1519 1286 1613 1365 fit.
1689 1291 1832 1351 Vult
1861 1310 2019 1352 emm
2048 1292 2233 1368 ipsum
2248 1291 2349 1351 Gi·-

330 1381 600 1425 teronem
631 1366 759 1424 haec
785 1364 1165 1424 commentari
1193 1374 1364 1441 atque
1393 1365 1586 1424 animo
1618 1368 1842 1442 agitare.

408 1446 529 1518 §Quo
563 1441 683 1522 tibi]
724 1454 1011 1524 quatenus.
1086 1439 1267 1516 Quod
1299 1439 1497 1500 attinet
1527 1440 1597 1502 ad
1624 1442 1760 1503 illud
1776 1486 1796 1515 ,
1834 1445 1971 1527 quod
1997 1444 2315 1504 dixeramus.

408 1519 619 1576 Civitas
648 1539 715 1575 ex
743 1517 1015 1575 nationum
1049 1532 1307 1574 conventu
1338 1518 1638 1600 constituta]
1693 1521 1851 1581 aliter
1881 1522 1942 1582 in
1972 1521 2091 1581 aliis
2108 1522 2347 1581 civitati-

332 1594 435 1655 bus
468 1594 785 1671 agendum3
827 1593 921 1652 ubi
954 1593 1291 1653 habitatores
1322 1592 1603 1671 indigenae
1631 1599 1819 1673 potius
1851 1598 1957 1658 fint
1988 1615 2162 1675 quam
2179 1598 2348 1658 adve-

333 1688 427 1731 nae
445 1713 463 1739 ,
504 1674 566 1729 &
593 1669 921 1729 uniusmodi
951 1672 1069 1729 fere
1097 1670 1348 1730 moribus
1379 1680 1636 1732 utantur:
1675 1685 1733 1733 at
1751 1676 1962 1735 Romae
1979 1676 2139 1734 aliter
2157 1717 2176 1744 ,
2218 1691 2344 1752 quae

334 1764 409 1806 ex
438 1746 786 1807 diversorum
817 1747 1120 1806 hominum
1153 1757 1445 1810 conventu
1475 1748 1701 1809 constat.
1775 1752 1927 1811 Nam
1976 1752 2038 1810 δε
2086 1751 2155 1811 ab
2187 1752 2342 1810 initio

337 1825 567 1884 condita
597 1824 667 1883 ab
693 1824 758 1882 iis
776 1866 794 1893 ,
836 1825 933 1900 qui
965 1841 1094 1882 curn
1116 1823 1370 1882 Romulo
1387 1824 1613 1884 fuerunt
1627 1826 1776 1886 cives
1790 1828 1997 1887 Albani
2012 1869 2033 1898 ,
2073 1829 2344 1887 &eorum

335 1900 597 1961 locorum
631 1899 902 1977 pastores3
941 1910 1064 1960 tum
1097 1916 1237 1958 vero
1269 1899 1552 1976 paullatim
1586 1902 1747 1961 aufta
1762 1945 1780 1972 ,
1821 1903 2145 1963 confluente
2160 1905 2219 1962 in
2233 1903 2348 1979 asy-

337 1976 457 2038 lum
491 1975 850 2037 multitudine
882 1976 1226 2052 perditorum
1254 1976 1599 2037 hominum:
1634 1979 1867 2040 demum
1899 1981 2248 2039 incrementa
2262 1996 2353 2038 ac·

339 2055 492 2128 cepit
521 2054 766 2129 ingentia
784 2094 804 2123 ,
840 2055 1078 2129 acceptis
1112 2053 1171 2112 in
1202 2053 1491 2113 civitatem
1525 2053 1734 2114 Sabinis
1767 2079 1795 2126 ,·
1824 2057 2156 2116 Tusculanis
2191 2098 2215 2125 ,
2248 2055 2352 2115 AE·

329 2131 462 2204 quis
492 2171 511 2199 ,
551 2130 813 2188 Hernicis
848 2171 865 2197 ,
904 2129 1120 2188 Volscis
1152 2131 1213 2188 δε
1245 2132 1440 2188 ceteris
1474 2171 1492 2198 ,
1570 2131 1630 2189 ui
1659 2148 1731 2191 eo
1765 2134 2005 2208 migrare
2033 2134 2355 2192 voluerunt.

327 2205 527 2274 Nam,
564 2215 628 2263 ut
656 2204 804 2288 dicit‘
818 2206 877 2262 in
908 2217 1044 2262 orat.
1076 2224 1180 2280 pro
1212 2206 1484 2265 Cornelio
1563 2207 1697 2267 albo·
1723 2250 1741 2277 ,
1777 2230 2067 2290 numquam
2095 2209 2159 2283 est
2189 2206 2358 2267 inter-

337 2281 485 2359 mtffiz
516 2302 552 2338 a
583 2289 828 2339 Romanis
857 2279 1055 2355 largitio
1087 2296 1154 2340 cy
1184 2282 1573 2339 communicatio
1599 2284 1845 2345 civitatis.

414 2359 601 2416 Multa
634 2357 691 2416 in
722 2356 863 2415 omni
884 2376 1055 2432 genere
1073 2355 1211 2413 vitia
1229 2356 1535 2436 versantur]
1575 2375 1746 2434 prout
1774 2359 1991 2421 neceffe
2018 2359 2088 2418 est
2105 2400 2124 2428 ,
2162 2359 2257 2418 ubi
2276 2379 2357 2421 ex

323 2434 563 2495 -diverfis
590 2435 728 2494 locis
753 2434 1015 2493 homines
1048 2433 1108 2492 in
1131 2450 1313 2492 unum
1343 2435 1709 2496 conveniunt.
1747 2439 1841 2496 De
1871 2438 2029 2495 turba
2045 2453 2212 2513 porro
2226 2438 2357 2496 Ro-

339 2518 511 2572 m'ana
544 2512 773 2598 pulchre
802 2510 1047 2577 Seneca,
1081 2509 1174 2569 lib.
1205 2508 1279 2569 de
1310 2510 1518 2568 consol.
1550 2511 1621 2570 ad
1652 2515 1780 2573 Alb.
1814 2532 1933 2589 cap.
1961 2515 2020 2582 6,
2097 2521 2350 2573 Maxima

325 2601 457 2666 pars
484 2587 619 2646 illius
651 2585 806 2645 turbe
827 2587 1008 2663 patria
1036 2599 1189 2643 caret.
1268 2592 1355 2643 Ex
1383 2587 1661 2664 municipiis
1693 2590 1971 2652 &coloniis
1987 2586 2100 2665 suis
2116 2632 2134 2658 ,
2171 2609 2236 2647 ex
2252 2605 2358 2646 toto

338 2664 553 2742 denique
585 2664 696 2722 orbo
727 2678 988 2719 terrarum
1017 2661 1389 2740 confluxerunt.
1429 2663 1577 2720 Alios
1604 2663 1812 2724 abducit
1839 2665 2058 2724 ambitio
2075 2707 2093 2734 ,
2132 2666 2256 2723 alios
2270 2685 2355 2721 ne-

339 2740 529 2815 ceffltas
557 2739 702 2814 officii
719 2737 939 2814 publici,
975 2737 1098 2797 alios
1125 2737 1356 2815 imposita
1383 2738 1561 2814 legatio
1577 2780 1595 2807 ,
1631 2741 1753 2798 alios
1781 2741 1995 2799 luxuria
2011 2783 2029 2810 ,
2067 2741 2355 2818 opulentum

229 2883 239 2887 ,
340 2833 426 2879 (9¹³
442 2831 777 2895 opportunum
807 2813 954 2870 vitiis
982 2815 1147 2872 locum
1215 2833 1400 2872 uaercns
1418 2856 1436 2883 ‚
1474 2814 1599 2871 alios
1628 2816 1913 2876 liberalium
1919 2817 2213 2891 studiorum
2229 2818 2358 2894 uqi·

338 2893 478 2950 ditas
495 2936 513 2963 ,
552 2890 978 3025 αὶὶσὲᾰζμὲἶαειιὶα
994 2932 1012 2958 ,
1052 2888 1190 2968 quos
1242 2909 1298 2946 m
1332 2890 1502 2948 traxit
1517 2892 1745 2951 amicitia
1764 2937 1787 2962 ‚
1800 2942 1807 2951 .
1821 2894 2068 2972 quosdam
2082 2894 2354 2967 industria,

334 2969 509 3031 iatam
538 2967 632 3042 oste
726 2965 834 3023 nde
865 2965 1083 3024 virtutis
1113 2969 1272 3023 nacta
1289 2967 1596 3029 materiam:
1636 2969 1848 3047 quidam
1864 2971 2100 3027 venalem
2117 2972 2353 3043 sormam

336 3047 635 3104 attulerunt
651 3087 669 3114 ,
706 3042 920 3123 quidam
948 3043 1182 3100 venalem
1207 3041 1561 3119 eloquentiam.
1600 3046 1825 3103 Nullum
1858 3065 1962 3102 non
1991 3047 2356 3123 bominumge·

336 3140 436 3179 nus
466 3122 718 3180 concurrit
745 3120 802 3178 in
833 3117 1010 3176 urbem
1028 3161 1046 3186 ‚
1086 3135 1153 3180 (ς’
1183 3118 1470 3176 virtutibus
1502 3140 1570 3183 ω·
1600 3122 1745 3180 vitiis
1775 3141 1967 3198 magna
1986 3121 2160 3199 pretia
2165 3136 2357 3199 ponet»

313 3210 459 3258 tem.
538 3200 688 3258 Haec
717 3197 943 3256 Seneca.
971 3193 1303 3255 Prudenter
1333 3195 1524 3273 itaque
1551 3195 1737 3263 feciffe
1768 3210 2033 3273 putantur
2066 3198 2352 3272 Spartani,

318 3275 440 3352 qui
471 3266 774 3334 &'civibus
802 3272 943 3341 suiS,
981 3289 1054 3330 ne
1083 3271 1592 3347 peregrinarentur,
1630 3271 2070 3343 interdixerunt,
2108 3291 2201 3333 ne·
2230 3294 2353 3336 mo·

331 3368 419 3411 res
449 3352 769 3427 peregrinos
800 3346 1140 3409 addiscerent
1170 3371 1189 3415 3
1233 3349 1294 3409 ὅ(
1325 3351 1643 3423 peregrinos
1674 3351 1817 3426 ipsos
1852 3352 1986 3409 urbe
2019 3365 2354 3421 arcuerunt,

332 3446 410 3563 R?
444 3428 578 3515 mali
607 3424 817 3506 aliquid
848 3423 997 3484 cives
1028 3423 1366 3489 edocerent:
1408 3438 1471 3485 ut
1501 3426 1821 3489 Plutarchus
1853 3428 2238 3491 inLaconicis
2268 3431 2354 3488 in-

317 3540 322 3543 ·
400 3516 546 3564 tutls.
826 3559 830 3563 .

410 3582 598 3639 Multa
626 3578 837 3657 insidia]
875 3578 1002 3637 haec
1011 3577 1256 3636 ‘occulte
1285 3576 1515 3638 laedunt.

317 3672 324 3677 ·
406 3659 705 3715 Multorum
734 3655 1059 3733 arrogantia]
1100 3655 1227 3714 haec
1256 3672 1397 3713 vero
1430 3656 1632 3730 palam.

314 3764 322 3773 ·
404 3733 591 3809 Magni
621 3731 807 3810 confilii
834 3746 992 3809 atque
1019 3731 1178 3811 artis]
1219 3729 1484 3790 differunt
1513 3732 1656 3791 haec.
1694 3732 1848 3795 Nam
1885 3734 2119 3795 confilio
2139 3738 2315 3796 utitur
2330 3778 2348 3805 ,

325 3809 429 3889 qui
458 3810 699 3872 honestis
728 3807 1070 3893 rationibus}
1108 3818 1225 3889 arte
1257 3824 1399 3893 regg
1414 3851 1439 3885 ,
1473 3809 1577 3897 qui,
1608 3809 1780 3894 etiarn
1797 3810 1935 3894 dolo
1953 3815 2079 3894 agit.
2117 3815 2208 3876 M.
2228 3813 2344 3872 Cic.

2204 3911 2208 3916 ·
2266 3908 2348 3968 ep.
