2514 4438
312 176 458 275 Ξς4
668 162 1975 246 ΡΑιΕὶῐίῐὶιῦοΜΜιΗτΑιιισς

313 288 456 354 ceffe
483 305 601 352 non
633 287 697 350 fit
726 290 799 348 de
830 289 915 348 his
944 285 1189 371 aliquem
1222 285 1733 345 commonefacere.
1771 284 2263 345 Meminerimus
2304 296 2403 346 ta·

313 387 447 508 ἔξει]
466 365 677 501 ,diquoid
706 364 875 425 docet
904 361 1176 423 Pedianus
1194 402 1213 431 ,
1250 360 1600 420 locutionem
1632 379 1753 421 non
1782 359 1892 420 effe
1924 361 2183 437 plenam
2205 384 2232 429 3
2286 361 2400 423 sed

539 461 607 500 en
649 459 686 499 u
798 461 948 498 ame.

350 597 361 607 ·
391 462 601 597 {gnpus
617 444 892 595 phasim
924 515 1154 594 ικὶὶιιηι]
1195 514 1322 574 haec
1353 511 1554 574 eadem
1584 513 1854 575 sententia
1887 512 1969 573 bis
2001 513 2174 574 infra
2193 530 2392 591 repe-

317 606 574 730 nnllz'rtiae»
602 672 692 729 hoe
721 670 949 728 mutem
976 670 1184 727 videtur
1213 666 1468 742 adjuvare
1490 667 1656 746 peffe]
1714 668 1897 726 immo
1945 666 2131 742 longe
2164 665 2392 743 -pluri-

318 765 517 808 mum:
560 749 725 824 quia,
766 757 828 804 ut
859 744 1011 821 supra
1044 762 1112 803 ex
1145 743 1347 802 Sallust.
1380 743 1668 803 retulimus
1702 785 1720 812 ,
1757 742 2011 801 nobilitas
2038 744 2217 803 inter
2256 743 2320 801 se
2360 765 2403 812 ,·

317 823 475 903 quafi
505 840 604 899 per
635 839 831 881 manus
849 862 867 890 ,
906 819 1250 879 consulatum
1281 817 1527 878 tradebat
1560 839 1574 877 z
1616 820 1677 877 δε
1708 837 1890 879 novos
1919 819 2215 879 homines
2274 819 2382 877 illo

320 901 542 961 honore
589 898 847 973 indignos
891 896 1131 971 putabat.
1209 894 1595 970 Opponuntur
1644 897 1797 955 enim
1840 895 1981 956 novi
2032 893 2378 961 nobilibus.

323 976 447 1036 Cic.
476 992 578 1051 pro
608 974 758 1031 Mur.
815 982 919 1030 Nec
948 972 1076 1029 mihi
1105 989 1359 1048 umquam
1392 973 1561 1028 minus
1592 1011 1611 1040 ,
1666 973 1725 1029 ἐκ
1755 975 1837 1047 Q
1859 981 2033 1047 Pomp.
2075 990 2241 1027 now
2275 969 2372 1026 ho-

319 1053 458 1187 mae
487 1069 555 1114 (9⁰
582 1049 990 1182 fhrttffffl'mohviro
1006 1089 1025 1118 ,
1064 1048 1282 1115 virtutis
1309 1046 1398 1124 effi
1427 1047 1599 1124 visum
1631 1048 1699 1121 est
1712 1089 1731 1118 ,
1750 1068 1908 1128 quam
1937 1048 1996 1106 ἐκ
2023 1048 2261 1106 homine
2275 1064 2370 1102 no·

369 1129 376 1137 '
405 1129 413 1137 ’
447 1147 544 1184 emo
579 1136 660 1183 M.
691 1136 836 1184 AEms
864 1126 916 1184 ὀ.

401 1128 664 1260 {obdiam
680 1201 951 1278 voluntas]
988 1201 1341 1262 voluntatem
1371 1212 1474 1276 pro
1505 1200 1700 1261 favore
1724 1200 1938 1276 posuit:
1980 1208 2044 1258 ut
2102 1199 2364 1260 Terent.

323 1279 387 1340 in
414 1280 653 1356 prologo
679 1278 907 1343 Phorm.
949 1279 1190 1336 Voluntas
1219 1277 1390 1349 wstra
1409 1274 1464 1350 Ji
1486 1278 1560 1334 ad
1578 1291 1781 1356 putam
1812 1273 2066 1354 accefferit.

404 1355 644 1413 Maxime
671 1355 1034 1435 consularium]
1079 1370 1325 1432 quorum
1359 1352 1540 1428 major
1574 1354 1649 1413 est
1678 1351 1913 1428 dignitas
1929 1394 1947 1422 ‚
1986 1361 2051 1410 ut
2068 1354 2184 1431 qui
2200 1371 2346 1414 con·

321 1429 555 1495 sulatum
588 1429 858 1508 gefferint.
1671 1492 1674 1498 ,

401 1509 604 1581 Prodest
621 1552 640 1578 ,
677 1526 895 1588 quorum
911 1506 968 1563 in
998 1506 1158 1564 locum
1187 1528 1246 1566 ac
1277 1527 1550 1567 numerum
1574 1506 1862 1586 pervenire]
1903 1504 2047 1565 ratio
2064 1507 2201 1567 haec
2218 1508 2340 1571 vim

326 1584 492 1646 habet
537 1584 802 1658 generalis
848 1583 1138 1642 sententiae
1169 1605 1189 1650 ς
1244 1587 1454 1661 quippe
1500 1583 1762 1644 omnibus
1793 1582 2104 1644 convenire
2139 1583 2338 1659 potest.

328 1660 526 1720 Nemo
559 1661 713 1722 enim
747 1660 806 1718 in
840 1677 973 1718 eum
1007 1659 1198 1719 locum
1218 1701 1238 1730 ,
1277 1678 1454 1736 quem
1485 1660 1597 1737 ipse
1631 1659 1907 1727 obtinuit,
1946 1660 2124 1719 alium
2160 1660 2216 1719 se
2250 1660 2335 1718 in·-

327 1735 389 1799 di
467 1736 645 1796 iorem
675 1734 969 1822 peruenire
999 1735 1150 1794 vult:
1169 1736 1260 1794 ide
1334 1736 1416 1794 ‘ue
1446 1753 1621 1870 quem
1650 1736 1761 1812 ipse
1757 1735 1975 1870 ‘probat
1993 1776 2011 1803 ,
2031 1735 2169 1797 huic
2182 1733 2334 1812 quafi

327 1819 356 1874 t
436 1813 713 1872 'monium
758 1820 973 1871 virtutis
1006 1811 1234 1887 praebet.
1373 1829 1451 1870 uo
1521 1812 1693 1871 valuit
1723 1830 1755 1871 a
1826 1829 1906 1871 un
1948 1810 2233 1873 ellendum
2265 1810 2333 1870 C.

328 1889 641 1950 oetavium
661 1932 679 1960 ,
719 1898 781 1947 ut
808 1887 1177 1948 hereditatem
1205 1889 1267 1948 &
1294 1905 1505 1948 nomen
1539 1888 1635 1949 fibi
1667 1906 1700 1947 a
1717 1887 1784 1946 C.
1803 1888 1904 1946 Cae
1926 1905 2022 1947 are
2053 1886 2329 1955 relietum,

325 1964 479 2024 adire
503 1984 624 2025 non
653 1964 956 2031 dubitaret,
997 1975 1188 2023 contra
1217 1965 1527 2024 multorum
1557 1965 1920 2030 sententiam;
1961 1980 2098 2022 cum
2114 1963 2329 2022 dietim-

271 2089 276 2092 ,
327 2051 417 2101 ret
450 2082 467 2107 ‚
507 2043 648 2116 nefas
676 2040 802 2117 effes,
840 2059 939 2118 quo
969 2042 1167 2097 nomine
1197 2040 1382 2113 Cesart'
1408 2041 1590 2116 dignus
1618 2061 1644 2097 e
1679 2056 1727 2097 et
1759 2039 1901 2117 visus
1931 2081 1949 2109 ‚
1977 2039 2138 2117 semet
2170 2052 2328 2172 {pum

328 2116 495 2175 videri
522 2118 805 2192 indignum.
880 2116 1125 2191 Vellejus
1151 2116 1242 2174 lib.
1273 2116 1408 2192 post.
1449 2117 1607 2174 Prode
1680 2117 1793 2176 hoc
1821 2118 1954 2177 loco
1986 2117 2170 2191 imper
2191 2133 2323 2175 ona-

323 2193 484 2262 liter,
525 2204 588 2252 ut
617 2193 902 2271 loquimur
933 2233 951 2260 ,
988 2190 1231 2268 politum
1264 2192 1340 2252 est
1370 2211 1384 2249 :
1425 2192 1724 2268 quomodo
1754 2193 1904 2268 apud
1927 2193 2083 2252 hunc
2112 2192 2323 2268 saepius.

323 2270 518 2328 Graeci
549 2277 779 2353 ημφέρῤ
810 2268 1033 2326 dicunt:
1073 2267 1131 2327 id
1160 2268 1269 2337 est,
1306 2270 1510 2342 confert.
1586 2269 1681 2328 Est
1710 2287 1849 2331 vero
1880 2270 2096 2345 elegans
2109 2268 2322 2327 condu-

325 2355 555 2435 plicatio
583 2355 645 2415 -in
678 2353 1010 2432 repetitione
1039 2351 1260 2415 illorum
1291 2354 1592 2415 verborum
1611 2396 1630 2425 ‚
1648 2355 1813 2416 locam
1830 2398 1850 2426 ‚
1868 2373 2137 2417 numerum
2154 2396 2173 2425 ,
2189 2352 2320 2422 loco,

328 2451 717 2586 nuzirgagandt'
742 2529 908 2568 omnes
926 2510 1059 2585 sunt
1087 2508 1343 2586 diligenter
1370 2528 1408 2565 a
1437 2508 1573 2568 nobis
1604 2550 1623 2579 ,
1662 2526 1729 2572 <9⁹
1757 2511 1829 2567 ad
1855 2528 1930 2568 eos
1958 2510 2014 2567 al
2083 2505 2318 2641 audurus}

329 2587 499 2645 amici
529 2588 732 2646 scilicet
762 2584 1143 2644 summittendi
1175 2627 1192 2655 ,
1232 2586 1330 2670 qui
1361 2601 1465 2658 pro
1499 2586 1659 2645 nobis
1690 2591 1908 2662 rogent.
1983 2594 2043 2644 A
2131 2604 2214 2642 are
2245 2602 2273 2642 e

325 2676 433 2739 pro
466 2663 677 2738 privata
706 2657 882 2720 cauffa
911 2662 1152 2737 aliquem
1186 2671 1444 2718 mittere:
1466 2663 1525 2720 δε
1554 2679 1657 2737 pro
1672 2664 1887 2738 publica
1901 2663 2060 2735 legare
2074 2663 2310 2721 dicimus,

328 2739 536 2798 Cicero
568 2742 656 2814 'ep.
695 2756 783 2806 10,
815 2736 905 2794 lib.
942 2756 964 2795 1
1012 2779 1024 2793 .
1055 2735 1224 2795 famil.
1251 2735 1308 2810 fi
1334 2736 1463 2794 mihi
1496 2753 1660 2795 tecum
1688 2739 1860 2796 minus
1889 2736 1999 2813 efflt
2018 2780 2035 2806 ,
2077 2758 2228 2817 quam
2252 2736 2310 2809 est

329 2834 447 2870 cum
486 2814 587 2870 tetis
613 2812 843 2869 omnibus
863 2852 880 2879 ,
1040 2830 1183 2868 arem
1210 2811 1282 2866 ad
1312 2826 1361 2868 te
1392 2811 1498 2870 illos
1511 2856 1529 2883 ,
1566 2834 1601 2870 a
1632 2814 1812 2893 quibas
1843 2814 2070 2890 intelligis
2101 2835 2174 2872 me
2195 2827 2310 2890 pre-

327 2890 462 2964 cipue
491 2889 640 2974 diligi.
695 2887 789 2945 Et
818 2832 1130 2946 notatarium
1161 2927 1190 2974 ⁹.
1232 2886 1442 2963 allegare
1472 2890 1716 2949 absolute
1742 2890 1988 2967 positum
2019 2931 2036 2958 ,
2088 2890 2193 2953 fine
2223 2888 2311 2949 ad-

323 2960 620 3043 jun6tione
650 2962 899 3038 personae
917 3004 933 3031 ,
951 2980 1081 3039 quae
1114 2963 1547 3024 mittatur2ficut
1577 2967 1748 3026 etiam
1777 2966 2031 3026 instat&
2057 2966 2241 3041 Philip.
2259 2983 2304 3041 5:

331 3040 782 3113 Quemadmodum
810 3039 881 3096 ad
909 3037 1045 3096 hunc
1077 3059 1189 3096 reus
1216 3039 1427 3127 alleget?

412 3120 685 3203 Pag.215.
726 3126 833 3172 Nos
850 3115 1041 3192 semper
1073 3135 1189 3173 cum
1219 3118 1543 3192 optematibus
1570 3120 1739 3197 derep.
1758 3117 1989 3198 sensiffe,
2026 3118 2219 3177 minime
2224 3130 2304 3193 po·

333 3194 537 3280 palam
556 3193 722 3269 fmffl.
766 3192 853 3250 Sic
882 3193 940 3250 in
973 3203 1110 3251 orat.
1130 3210 1231 3267 pro
1251 3191 1478 3263 Sextio,
1516 3196 1615 3253 duo
1640 3215 1856 3271 genera,
1895 3195 2106 3273 inquit,
2131 3194 2301 3270 semper

338 3288 398 3326 m
427 3267 523 3325 hac
555 3269 767 3325 civetate
779 3271 1002 3340 fuerunt
1029 3287 1203 3326 eorum
1219 3308 1237 3336 ,
1276 3268 1367 3345 qut'
1396 3270 1593 3348 versari
1619 3272 1675 3328 in
1706 3286 1802 3351 rep.
1832 3288 1988 3351 atque
2016 3272 2071 3328 in
2086 3291 2141 3328 ea
2159 3269 2300 3346 seex-

339 3344 591 3401 cellentius
615 3362 774 3418 gerere
796 3345 1121 3417 studuerunt.
1197 3345 1401 3418 Quibus
1428 3366 1494 3403 ex
1514 3347 1771 3422 generibus
1795 3349 1943 3406 alteri
1960 3345 2017 3422 se
2038 3348 2268 3423 populares
2282 3385 2301 3414 ,

341 3422 490 3477 alteri
522 3419 778 3496 optimates
823 3437 888 3480 (9¹
915 3418 1087 3477 haberi
1115 3437 1183 3481 (ν’
1208 3421 1294 3495 effe
1324 3422 1600 3480 voluerunt
1633 3444 1647 3482 ε
1687 3424 1777 3503 qui
1801 3442 1860 3482 ea
1891 3466 1910 3493 ,
1947 3442 2055 3501 qua
2069 3420 2302 3496 jaciebant

346 3516 547 3574 queque
579 3495 805 3552 dicebant
821 3538 838 3564 ,
883 3496 1203 3553 multitudini
1219 3498 1455 3573 jucunda
1485 3500 1569 3574 ‘ffl'
1597 3499 1835 3559 volebant
1863 3542 1881 3570 ‚
1911 3498 2183 3576 popularem
2217 3495 2299 3575 qui

342 3586 518 3627 autem
546 3574 621 3629 ita
646 3571 702 3645 se
724 3570 959 3647 gerebant
989 3612 1007 3645 ‚
1060 3587 1123 3628 ut
1156 3572 1261 3647 sua
1310 3572 1509 3650 consilia
1542 3576 1723 3651 optimo
1753 3577 1924 3656 cuique
1948 3576 2254 3652 probarentur
2283 3613 2300 3642 ,

342 3648 602 3720 optimates
632 3648 963 3706 habebantur.
1003 3648 1151 3707 Haec
1184 3650 1348 3725 igitur
1381 3649 1556 3710 cauffa
1591 3651 1665 3710 est
1681 3695 1701 3722 ,
1740 3669 1837 3712 cur
1865 3651 1935 3713 ad
1966 3649 2294 3726 colligendam

347 3721 622 3789 nobilium
655 3725 716 3785 δε
740 3724 1104 3794 consularium
1132 3727 1366 3801 gratiam
1398 3769 1419 3799 ,
1454 3729 1702 3806 profiteri
1731 3745 1866 3800 eum
1899 3728 2018 3793 vult
2048 3770 2068 3800 ,
2099 3727 2146 3789 se
2171 3730 2297 3801 opti.

349 3840 362 3849 -
429 3842 438 3849 -
2123 3816 2297 3866 marem
