2514 4438
301 243 450 342 276
720 240 1188 314 PAnnnmr
1236 221 2085 310 commanun1us³

305 360 454 417 tium
486 368 743 436 putamus
762 399 778 426 ,
820 372 952 414 cum
986 353 1162 423 dixit,
1209 353 1366 411 Thais
1375 352 1608 411 maximo
1622 366 1669 408 te
1702 352 1889 411 orabat
1902 367 2034 430 opere
2056 394 2074 420 ,
2115 350 2328 410 Eunuc.

308 435 441 493 Aet.
468 456 519 511 5,
555 436 621 492 sc.
642 453 696 511 3;
717 433 914 491 &Cio
935 449 1021 503 ep.
1044 449 1095 504 7.
1123 431 1215 489 lib.
1241 448 1325 507 13.
1359 431 1492 487 fam.
1532 441 1833 507 quantoque*
1858 452 1884 488 o
1913 449 2023 487 ere:
2070 441 2169 486 aut
2186 428 2331 487 aliud

309 511 422 569 esse
454 511 594 568 omni
625 524 755 597 opere
787 508 1097 585 sejunctum
1120 549 1138 575 ,
1177 524 1348 583 quam
1368 506 1457 563 illa
1472 505 1775 580 conjunsta
1796 548 1812 575 ,
1877 511 2202 581 ummopere,
2225 525 2333 561 ma-

304 601 524 663 gnopere.
604 587 659 644 81
689 587 811 663 quis
845 598 1039 643 tamen
1071 582 1373 643 emendare
1405 581 1593 657 cupiat
1637 595 1778 658 opera
1813 626 1829 653 ,
1883 593 1981 642 aut
2012 581 2177 658 quod
2208 582 2331 639 huic

311 680 409 738 par
439 663 551 731 est,
591 677 707 739 ope,
746 679 843 737 per
875 679 969 720 me
1004 659 1060 718 id
1092 660 1293 718 faciat:
1331 658 1462 717 licet
1497 657 1618 717 Cic.
1651 675 1739 737 ep.
1778 678 1860 733 14.
1889 658 1998 745 lib.=
2023 677 2110 730 14.
2127 658 2202 717 ad
2216 660 2330 716 Att.

310 740 455 797 omni
480 753 560 815 ope
590 755 746 817 atque
775 752 916 814 opera
944 737 1131 794 enitar.

390 825 495 872 Hos
527 830 590 871 tu
620 815 842 872 homines
873 812 1296 899 quibuscumque]
1339 812 1627 870 concludit
1657 813 1803 870 hanc
1831 822 2051 887 partem
2090 854 2109 881 ‚
2145 810 2337 887 adjun-

313 888 402 949 &a
432 891 591 950 brevi
622 890 1116 949 cohortatiuncula.
1154 889 1220 947 ln
1247 889 1331 948 his
1364 900 1555 947 autem
1590 888 1771 947 verbis
1792 922 1808 955 ,
1848 888 1888 946 fi
1921 888 2331 964 conjungamus

310 966 402 1024 bos
431 967 654 1025 homines
677 984 815 1024 cum
845 966 1021 1024 verbo
1050 964 1283 1021 laborato
1316 1006 1333 1032 ‚
1375 966 1488 1023 ‚erit
1513 965 1717 1024 modus
1747 964 2022 1042 loquendi
2051 982 2174 1023 non
2209 983 2332 1039 pro-¹

311 1042 537 1102 bandus.
612 1044 734 1101 Aut
766 1043 968 1117 igitur,
1006 1041 1064 1098 bi
1093 1056 1156 1098 tu
1180 1041 1406 1099 homines
1440 1083 1457 1109 ‚
1494 1041 1794 1117 legendum
1831 1041 1907 1099 est
1935 1064 1955 1109 ;
1996 1052 2096 1099 aut
2127 1040 2334 1118 aliquid

311 1118 462 1178 deest
480 1162 497 1188 ,
535 1120 711 1179 veluti
741 1123 924 1175 nucius
943 1160 959 1187 ,
1000 1129 1096 1176 aut
1125 1117 1263 1195 quid
1292 1116 1469 1175 fimile
1485 1139 1502 1185 ;
1544 1131 1607 1176 ut
1639 1117 1705 1175 fit
1725 1160 1743 1187 ‚
1782 1118 1870 1174 hos
1902 1132 1963 1175 tu
1995 1116 2228 1174 homines
2246 1133 2334 1174 na-

311 1200 455 1252 blas:
497 1207 594 1253 aut
625 1196 700 1254 est
729 1203 903 1270 genus
926 1194 1226 1254 locutionis
1245 1237 1264 1261 ‚
1282 1193 1439 1270 quod
1454 1194 1769 1253 absolutum
1788 1187 2028 1263 diciturss
2066 1212 2191 1271 quo
2210 1195 2331 1252 usus

311 1272 389 1330 est
425 1271 660 1330 Terent.
695 1272 816 1329 Cic.
847 1271 1003 1346 Virg.
1036 1270 1189 1328 Vide
1222 1271 1518 1328 Donatum
1552 1314 1570 1341 ‚
1640 1272 1699 1329 in
1731 1271 1801 1329 sc.
1838 1289 1883 1329 1.
1917 1269 2021 1329 aest.
2057 1288 2112 1346 3.
2146 1271 2331 1345 Hecy.

313 1346 424 1405 Ibi:
470 1356 618 1404 Nam
652 1367 740 1404 nos
772 1368 940 1405 omnes
957 1389 973 1416 ,
1013 1347 1193 1424 quibus
1219 1346 1287 1419 est
1318 1345 1547 1403 alicunde
1577 1346 1766 1433 aliquis
1796 1346 2010 1423 objcftus
2032 1346 2176 1402 labor
2191 1389 2209 1415 ,
2226 1366 2332 1403 om-

309 1441 374 1480 ne
405 1423 539 1500 quod
569 1424 637 1496 est
667 1425 856 1481 interea
883 1436 1082 1499 tempus
1102 1465 1117 1489 ,
1145 1422 1452 1501 priusquam
1480 1423 1533 1479 id
1562 1423 1797 1499 rescitum
1831 1423 1897 1495 est
1915 1466 1931 1493 ,
1970 1423 2110 1480 lucro
2141 1424 2225 1496 est.
2370 1471 2383 1478 -

391 1507 457 1556 Ut
488 1520 553 1556 ex
585 1501 758 1557 animo
788 1518 855 1562 (9·
882 1500 971 1557 illa
991 1501 1208 1574 summa
1236 1501 1536 1576 voluntate]
1573 1517 1693 1558 non
1724 1499 1853 1557 fieste
1888 1543 1907 1570 ‚
1945 1517 2068 1558 non
2098 1499 2329 1577 segniter

308 1586 510 1649 agant,
550 1577 612 1634 &
635 1577 724 1635 illa
756 1594 886 1635 curn
918 1575 1164 1651 emphasi
1182 1618 1201 1645 ,
1240 1591 1374 1652 quae
1404 1575 1467 1632 in*
1494 1575 1821 1652 hujusmodi
1849 1576 2088 1652 negotio
2123 1574 2326 1634 deiide*

312 1664 479 1709 ratur.

385 1736 604 1784 Summa
631 1728 933 1807 voluntate]
977 1746 1063 1804 ep.
1097 1747 1151 1804 9.
1180 1728 1274 1787 lib.
1297 1748 1345 1787 1:
1353 1727 1568 1805 summa
1585 1730 1857 1787 voluntate
1866 1727 2050 1805 cefflrit
2065 1773 2085 1801 ‚
2126 1746 2329 1806 &egre-

303 1803 393 1880 gia
424 1803 587 1860 animi
614 1805 881 1862 alacritate
908 1804 1144 1878 abfuerit.

391 1880 548 1954 Quod
565 1879 620 1956 fi
639 1879 782 1956 fiatis
797 1881 938 1956 grati
969 1880 1195 1938 homines
1223 1880 1398 1961 efflat]
1426 1881 1736 1942 'confirmat
1766 1881 1919 1957 spem
1940 1882 2121 1941 fratris
2140 1925 2158 1952 ‚
2176 1880 2324 1960 quod

311 1973 448 2014 eum
478 1957 763 2016 munitum
794 1956 949 2015 videt
979 1958 1045 2016 iis
1075 1959 1391 2016 amicorum
1426 1959 1685 2033 praefidiis
1720 2001 1738 2028 ‚
1793 1958 1993 2035 quibus
2029 1977 2175 2036 opus
2206 1960 2279 2019 est
2309 1977 2326 2018 ε

308 2043 433 2091 tum
469 2045 704 2101 monet,
743 2033 883 2111 quid
914 2035 975 2091 &
1006 2033 1307 2111 quomodo
1342 2035 1411 2095 ab
1443 2051 1797 2113 unoquoque
1831 2035 2037 2109 exigat.

385 2118 504 2165 Haec
533 2110 733 2188 omnia]
774 2110 990 2185 scripti,
1028 2110 1120 2167 illa
1154 2111 1343 2167 omnia.
2236 2185 2241 2188 ι

251 2248 258 2253 ,
385 2185 592 2319 Sagaris
618 2187 761 2260 grati
786 2185 1036 2262 homines]
1076 2187 1201 2244 haec
1235 2188 1294 2245 in
1327 2189 1648 2249 universum
1681 2187 1752 2247 de
1784 2186 2046 2248 omnibus
2076 2188 2325 2250 homini⁴

308 2260 411 2321 bus
485 2262 715 2319 cuntur.
794 2264 850 2320 Si
880 2262 1094 2335 vigeret
1123 2263 1181 2319 in
1210 2263 1537 2323 hominibus
1569 2266 1712 2340 grati
1743 2265 1919 2323 animi
1948 2266 2136 2324 virtus.

386 2345 501 2393 Hac
522 2339 642 2413 jam
665 2352 860 2416 parata
891 2337 976 2415 esse
1007 2338 1279 2418 debebant]
1320 2353 1453 2399 nam
1475 2384 1492 2410 ,
1533 2342 1691 2419 quod
1721 2341 1792 2401 ad
1823 2354 1882 2400 te
1915 2342 2139 2412 attinet,
2177 2354 2241 2400 tu
2259 2360 2334 2402 ea

308 2410 484 2473 fecisti
504 2455 520 2482 ‚
562 2432 659 2472 cur
690 2433 757 2474 ea
785 2417 885 2474 tibi
916 2432 1254 2490 comparare
1273 2415 1467 2492 poffeS.

387 2499 589 2547 Parata
620 2491 706 2566 effi·
737 2495 993 2569 concerno]
1036 2493 1241 2567 placuit
1272 2494 1600 2569 quibusdam
1635 2506 1852 2553 mutare
1887 2515 2118 2554 concerno
2134 2494 2196 2553 in
2211 2514 2331 2551 con-
2420 2522 2421 2525 ¹

302 2563 442 2639 fido:
486 2583 595 2640 ego
626 2585 657 2625 a
690 2568 911 2642 vulgata
941 2568 1186 2626 leffione
1218 2586 1337 2626 non
1369 2571 1573 2629 recedo
1595 2614 1612 2638 ‚
1654 2589 1784 2647 quae
1817 2572 1891 2630 est
1909 2574 1967 2630 in
1986 2572 2213 2650 scriptis,
2249 2573 2331 2633 At

311 2661 545 2699 concerno
575 2660 693 2701 non
724 2645 886 2702 facile
918 2642 1185 2700 invenias,
1225 2644 1403 2704 Penes
1436 2646 1750 2722 Quind'tum
1787 2647 1850 2704 fit
1881 2648 2046 2725 hujus
2061 2650 2221 2708 verbi
2236 2649 2332 2707 de·-

311 2717 525 2776 fenfio:
567 2720 815 2777 nostrum
851 2736 969 2777 non
1003 2718 1078 2776 est
1111 2730 1328 2777 mutare
1350 2764 1367 2790 ‚
1405 2741 1537 2798 quae
1554 2724 1827 2799 scriptoris
1843 2725 2004 2794 sunt,
2042 2726 2141 2785 sed
2157 2745 2331 2807 expo-

312 2811 464 2851 nere.
506 2793 680 2867 Quafi
711 2812 830 2852 non
863 2795 965 2851 alia
1000 2795 1176 2852 multa
1194 2797 1518 2871 hujusmodi
1535 2801 1702 2857 verba
1720 2800 1868 2873 apud
1884 2803 2152 2876 probatos
2166 2805 2332 2882 scrip*

313 2880 463 2927 tores
494 2869 831 2954 hanecintun
873 2888 946 2928 ne
978 2883 1227 2945 repetam
1256 2874 1346 2932 illa
1367 2917 1384 2943 ‚
1424 2876 1685 2952 quaejam
1702 2877 1824 2934 sunt
1839 2877 1983 2936 dista
2000 2879 2072 2938 ad
2097 2882 2339 2943 verbum

315 2964 407 3002 con
451 2964 488 3000 u
518 2960 667 3001 rant.
983 2964 990 2970 ’

392 2945 539 3076 ξῖιιζη
554 3019 656 3106 *hoc
685 3021 878 3080 biennio
909 3038 1159 3102 quattuor
1177 3025 1503 3108 sodalitates]
1543 3028 1684 3087 ratio
1716 3071 1734 3098 ‚
1774 3016 1931 3108 quod
1957 3031 2082 3108 jam
2118 3034 2218 3093 fibi
2252 3036 2345 3096 illa

312 3110 606 3174 paraverit.
1296 3118 1302 3130 ¹
1959 3132 1962 3137 ·

391 3183 497 3229 Hoc
530 3173 749 3253 biennio]
789 3175 996 3236 Ascon.
1029 3179 1349 3239 orationem
1381 3200 1484 3256 pro
1518 3183 1789 3259 Cornelio
1810 3184 2016 3243 dist-am
2036 3189 2251 3259 refert,
2272 3191 2345 3249 L}

316 3249 490 3307 Cotta
528 3251 686 3335 δεμ.
719 3254 1020 3329 Torquato
1052 3273 1163 3314 c03.
1197 3275 1407 3316 annum
1440 3261 1561 3334 post
1602 3278 1734 3318 uam
1765 3260 2070 3335 superiores
2087 3287 2107 3331 ;
2152 3266 2309 3324 idest
2328 3307 2351 3338 ‚

315 3327 437 3401 post
469 3337 750 3384 orationes
783 3346 885 3403 pro
921 3333 995 3406 Q.
1016 3334 1201 3391 Gallio
1237 3336 1298 3391 &
1329 3336 1412 3392 M.
1434 3336 1553 3394 Fun
1594 3338 1727 3394 anio
1757 3336 1985 3398 habitas.
2063 3343 2190 3418 Qui
2219 3343 2346 3403 duo

317 3403 448 3460 anni
484 3402 806 3477 praecedunt
837 3424 1045 3466 annum
1085 3411 1370 3483 petitionis
1402 3412 1708 3472 Ciceronis.
2314 3432 2315 3437 ’

347 3554 357 3564 ·
395 3479 492 3535 Ad
507 3480 832 3541 ambitionem
840 3485 1337 3567 gratiostffimorum]
1378 3489 1475 3565 qui
1495 3492 1552 3547 in
1571 3490 1875 3549 ambiendo
1890 3492 2196 3567 plurimum
2211 3503 2351 3570 gra-'

314 3562 393 3612 tia
430 3556 630 3614 valent.
671 3558 928 3617 Ambitio
957 3563 1053 3619 -hic
1070 3580 1189 3620 non
1222 3565 1533 3640 improbata
1558 3567 1792 3626 ambitio
1830 3568 1938 3637 est,
1979 3571 2074 3630 sed
2104 3564 2347 3647 simplex?

279 3669 287 3681 ,
314 3632 605 3703 quoddam
634 3633 920 3694 honorum
953 3638 1190 3696 studium
1213 3676 1236 3710 s
1274 3641 1430 3717 quod
1447 3641 1553 3703 esse
1571 3647 1630 3702 in
1645 3645 1970 3703 hominibus
1989 3649 2227 3723 politici3
2248 3650 2342 3708 so-

314 3700 408 3761 let.
449 3707 568 3766 Cic.
603 3709 671 3794 dt:
706 3712 757 3768 se
793 3712 941 3798 epist.
985 3733 1068 3788 15.
1103 3715 1193 3772 lib.
1218 3737 1265 3775 1.
1299 3717 1368 3775 ad
1385 3719 1504 3777 Att.
1543 3730 1633 3777 Me
1647 3720 2126 3799 ambitio'qu'aedam
2159 3725 2343 3782 adho-

310 3797 500 3841 norum
517 3783 751 3856 studium
779 3788 952 3853 duxit.
986 3791 1135 3871 item
1168 3810 1257 3871 ep.
1287 3811 1378 3869 27.
1404 3796 1497 3858 lib.
1528 3815 1580 3860 2.
1611 3799 1750 3877 fam-3
1786 3796 2027 3862 Ambitio
2062 3803 2233 3877 nostra
2266 3813 2343 3885 φ*

453 3916 462 3927 ,
1181 3917 1200 3924 -
2215 3892 2341 3936 vcta
