<?xml version="1.0" encoding="UTF-8"?>
<!DOCTYPE html PUBLIC "-//W3C//DTD XHTML 1.0 Transitional//EN"
    "http://www.w3.org/TR/xhtml1/DTD/xhtml1-transitional.dtd">
<html xmlns="http://www.w3.org/1999/xhtml" xml:lang="en" lang="en">
 <head>
  <title>
</title>
<meta http-equiv="Content-Type" content="text/html;charset=utf-8" />
  <meta name='ocr-system' content='tesseract 3.04.00' />
  <meta name='ocr-capabilities' content='ocr_page ocr_carea ocr_par ocr_line ocrx_word'/>
</head>
<body>
  <div class='ocr_page' id='page_1' title='image "./epistolarumadqu00cicegoog_0014.png"; bbox 0 0 2514 4438; ppageno 0'>
   <div class='ocr_carea' id='block_1_1' title="bbox 310 248 2419 3439">
    <p class='ocr_par' dir='ltr' id='par_1_1' title="bbox 334 248 2135 359">
     <span class='ocr_line' id='line_1_1' title="bbox 334 248 2135 359; baseline 0.003 -28"><span class='ocrx_word' id='word_1_1' title='bbox 334 252 395 359; x_wconf 67' lang='grc' dir='ltr'>Ξῖ.</span> <span class='ocrx_word' id='word_1_2' title='bbox 594 250 902 332; x_wconf 50' lang='lat' dir='ltr'>Eme-t</span> <span class='ocrx_word' id='word_1_3' title='bbox 952 252 1595 356; x_wconf 69' lang='lat' dir='ltr'>&#39;An-Qumrum</span> <span class='ocrx_word' id='word_1_4' title='bbox 1645 248 2135 336; x_wconf 49' lang='lat' dir='ltr'>Faeni-REM</span> 
     </span>
    </p>

    <p class='ocr_par' dir='ltr' id='par_1_2' title="bbox 310 368 2419 3439">
     <span class='ocr_line' id='line_1_2' title="bbox 342 368 2374 480; baseline 0.003 -32"><span class='ocrx_word' id='word_1_5' title='bbox 342 374 484 448; x_wconf 84' lang='lat' dir='ltr'>hoc</span> <span class='ocrx_word' id='word_1_6' title='bbox 524 368 781 475; x_wconf 81' lang='lat' dir='ltr'><strong>semper</strong></span> <span class='ocrx_word' id='word_1_7' title='bbox 819 373 1218 452; x_wconf 87' lang='lat' dir='ltr'>facillimum</span> <span class='ocrx_word' id='word_1_8' title='bbox 1253 400 1298 467; x_wconf 48' lang='lat'>,¹</span> <span class='ocrx_word' id='word_1_9' title='bbox 1324 374 1402 450; x_wconf 83' lang='lat'>&amp;</span> <span class='ocrx_word' id='word_1_10' title='bbox 1446 374 1612 452; x_wconf 75' lang='lat' dir='ltr'>vero</span> <span class='ocrx_word' id='word_1_11' title='bbox 1660 375 1787 450; x_wconf 83' lang='lat' dir='ltr'>esse</span> <span class='ocrx_word' id='word_1_12' title='bbox 1817 375 2054 451; x_wconf 88' lang='lat' dir='ltr'>debuit</span> <span class='ocrx_word' id='word_1_13' title='bbox 2087 405 2106 452; x_wconf 72' lang='grc' dir='ltr'><strong><em>ε</em></strong></span> <span class='ocrx_word' id='word_1_14' title='bbox 2159 378 2374 480; x_wconf 64' lang='lat' dir='ltr'>cujus</span> 
     </span>
     <span class='ocr_line' id='line_1_3' title="bbox 340 472 2365 568; baseline 0.002 -21"><span class='ocrx_word' id='word_1_15' title='bbox 340 495 578 548; x_wconf 88' lang='lat' dir='ltr'>natura</span> <span class='ocrx_word' id='word_1_16' title='bbox 619 475 764 549; x_wconf 88' lang='lat' dir='ltr'>talis</span> <span class='ocrx_word' id='word_1_17' title='bbox 809 476 905 549; x_wconf 86' lang='lat' dir='ltr'>est</span> <span class='ocrx_word' id='word_1_18' title='bbox 937 535 959 568; x_wconf 84' lang='lat'><strong>,</strong></span> <span class='ocrx_word' id='word_1_19' title='bbox 1007 497 1086 549; x_wconf 90' lang='lat' dir='ltr'>ut</span> <span class='ocrx_word' id='word_1_20' title='bbox 1133 473 1332 549; x_wconf 90' lang='lat' dir='ltr'>etiam</span> <span class='ocrx_word' id='word_1_21' title='bbox 1359 472 1500 548; x_wconf 88' lang='lat' dir='ltr'>fine</span> <span class='ocrx_word' id='word_1_22' title='bbox 1528 472 1835 567; x_wconf 74' lang='lat' dir='ltr'>doCtrina</span> <span class='ocrx_word' id='word_1_23' title='bbox 1860 475 2169 551; x_wconf 69' lang='lat' dir='ltr'>videatur</span> <span class='ocrx_word' id='word_1_24' title='bbox 2198 503 2365 552; x_wconf 91' lang='lat' dir='ltr'>mo-</span> 
     </span>
     <span class='ocr_line' id='line_1_4' title="bbox 342 573 2362 673; baseline 0.001 -27"><span class='ocrx_word' id='word_1_25' title='bbox 342 573 562 647; x_wconf 89' lang='lat' dir='ltr'>derata</span> <span class='ocrx_word' id='word_1_26' title='bbox 594 574 723 648; x_wconf 83' lang='lat' dir='ltr'>effe</span> <span class='ocrx_word' id='word_1_27' title='bbox 770 574 1055 673; x_wconf 90' lang='lat' dir='ltr'>potuisse</span> <span class='ocrx_word' id='word_1_28' title='bbox 1088 604 1104 649; x_wconf 75' lang='grc' dir='ltr'>ε</span> <span class='ocrx_word' id='word_1_29' title='bbox 1157 598 1234 647; x_wconf 87' lang='lat' dir='ltr'>ea</span> <span class='ocrx_word' id='word_1_30' title='bbox 1274 574 1497 648; x_wconf 86' lang='lat' dir='ltr'>autein</span> <span class='ocrx_word' id='word_1_31' title='bbox 1540 574 1832 648; x_wconf 89' lang='lat' dir='ltr'>adhibita</span> <span class='ocrx_word' id='word_1_32' title='bbox 1864 573 2174 649; x_wconf 69' lang='lat' dir='ltr'>docstrina</span> <span class='ocrx_word' id='word_1_33' title='bbox 2198 577 2304 670; x_wconf 82' lang='lat' dir='ltr'>est</span> <span class='ocrx_word' id='word_1_34' title='bbox 2336 634 2362 668; x_wconf 92' lang='lat'>‚</span> 
     </span>
     <span class='ocr_line' id='line_1_5' title="bbox 344 670 2362 772; baseline 0.001 -27"><span class='ocrx_word' id='word_1_35' title='bbox 344 697 504 771; x_wconf 87' lang='lat' dir='ltr'>quae</span> <span class='ocrx_word' id='word_1_36' title='bbox 531 673 647 761; x_wconf 79' lang='lat' dir='ltr'>vel</span> <span class='ocrx_word' id='word_1_37' title='bbox 679 670 1153 749; x_wconf 85' lang='lat' dir='ltr'>vitiofissimam</span> <span class='ocrx_word' id='word_1_38' title='bbox 1181 681 1223 731; x_wconf 76' lang='lat'>4</span> <span class='ocrx_word' id='word_1_39' title='bbox 1247 684 1558 749; x_wconf 85' lang='lat' dir='ltr'>naturam&#39;</span> <span class='ocrx_word' id='word_1_40' title='bbox 1587 673 1893 747; x_wconf 82' lang='lat' dir='ltr'>excolere</span> <span class='ocrx_word' id='word_1_41' title='bbox 1923 670 2142 772; x_wconf 85' lang='lat' dir='ltr'>possit.</span> <span class='ocrx_word' id='word_1_42' title='bbox 2224 676 2362 748; x_wconf 91' lang='lat' dir='ltr'>Tu</span> 
     </span>
     <span class='ocr_line' id='line_1_6' title="bbox 345 764 2362 882; baseline 0.001 -37"><span class='ocrx_word' id='word_1_43' title='bbox 345 770 509 845; x_wconf 74' lang='lat' dir='ltr'>cum</span> <span class='ocrx_word' id='word_1_44' title='bbox 554 764 861 882; x_wconf 85' lang='lat' dir='ltr'>pecuniae</span> <span class='ocrx_word' id='word_1_45' title='bbox 890 831 912 862; x_wconf 95' lang='lat'>‚</span> <span class='ocrx_word' id='word_1_46' title='bbox 964 771 1122 846; x_wconf 74' lang='lat' dir='ltr'>cum</span> <span class='ocrx_word' id='word_1_47' title='bbox 1159 771 1544 873; x_wconf 85' lang='lat' dir='ltr'>voluptati,</span> <span class='ocrx_word' id='word_1_48' title='bbox 1589 770 1751 845; x_wconf 76' lang='lat' dir='ltr'>cum</span> <span class='ocrx_word' id='word_1_49' title='bbox 1781 773 2362 847; x_wconf 33' lang='lat' dir='ltr'>omniumcrerum</span> 
     </span>
     <span class='ocr_line' id='line_1_7' title="bbox 343 869 2376 981; baseline 0 -38"><span class='ocrx_word' id='word_1_50' title='bbox 343 870 692 969; x_wconf 88' lang='lat' dir='ltr'>cupid1tati</span> <span class='ocrx_word' id='word_1_51' title='bbox 725 871 969 945; x_wconf 88' lang='lat' dir='ltr'>refistes</span> <span class='ocrx_word' id='word_1_52' title='bbox 1000 929 1022 964; x_wconf 89' lang='lat'><strong>,</strong></span> <span class='ocrx_word' id='word_1_53' title='bbox 1073 892 1150 945; x_wconf 92' lang='lat' dir='ltr'>ut</span> <span class='ocrx_word' id='word_1_54' title='bbox 1183 870 1341 946; x_wconf 86' lang='lat' dir='ltr'>facis</span> <span class='ocrx_word' id='word_1_55' title='bbox 1375 900 1393 946; x_wconf 75' lang='grc' dir='ltr'><strong><em>ε</em></strong></span> <span class='ocrx_word' id='word_1_56' title='bbox 1445 870 1571 944; x_wconf 89' lang='lat' dir='ltr'>erit</span> <span class='ocrx_word' id='word_1_57' title='bbox 1591 886 1621 961; x_wconf 83' lang='lat'>&#39;‚</span> <span class='ocrx_word' id='word_1_58' title='bbox 1668 871 1869 944; x_wconf 84' lang='lat' dir='ltr'>credo</span> <span class='ocrx_word' id='word_1_59' title='bbox 1896 929 1919 963; x_wconf 87' lang='lat'>,</span> <span class='ocrx_word' id='word_1_60' title='bbox 1963 869 2376 981; x_wconf 74' lang='lat' dir='ltr'>periculutts</span> 
     </span>
     <span class='ocr_line' id='line_1_8' title="bbox 342 968 2364 1072; baseline 0.001 -31"><span class='ocrx_word' id='word_1_61' title='bbox 342 992 433 1041; x_wconf 89' lang='lat' dir='ltr'>ne</span> <span class='ocrx_word' id='word_1_62' title='bbox 474 968 866 1067; x_wconf 82' lang='lat' dir='ltr'>improbum</span> <span class='ocrx_word' id='word_1_63' title='bbox 916 970 1398 1072; x_wconf 82' lang='lat' dir='ltr'>negotiatorem</span> <span class='ocrx_word' id='word_1_64' title='bbox 1430 1029 1453 1063; x_wconf 88' lang='lat'>,</span> <span class='ocrx_word' id='word_1_65' title='bbox 1498 968 1731 1066; x_wconf 87' lang='lat' dir='ltr'>paullo</span> <span class='ocrx_word' id='word_1_66' title='bbox 1762 969 2185 1068; x_wconf 78' lang='lat' dir='ltr'>cupidlorem</span> <span class='ocrx_word' id='word_1_67' title='bbox 2222 994 2364 1068; x_wconf 87' lang='lat' dir='ltr'>pu·</span> 
     </span>
     <span class='ocr_line' id='line_1_9' title="bbox 340 1066 2368 1168; baseline 0.001 -29"><span class='ocrx_word' id='word_1_68' title='bbox 340 1066 684 1140; x_wconf 87' lang='lat' dir='ltr'>blicanum</span> <span class='ocrx_word' id='word_1_69' title='bbox 718 1068 1162 1167; x_wconf 88' lang='lat' dir='ltr'>comprimere</span> <span class='ocrx_word' id='word_1_70' title='bbox 1192 1094 1335 1143; x_wconf 92' lang='lat' dir='ltr'>non</span> <span class='ocrx_word' id='word_1_71' title='bbox 1374 1067 1595 1168; x_wconf 77' lang='lat' dir='ltr'>possis,</span> <span class='ocrx_word' id='word_1_72' title='bbox 1688 1070 1880 1142; x_wconf 89' lang='lat' dir='ltr'>Nam</span> <span class='ocrx_word' id='word_1_73' title='bbox 1922 1067 2157 1141; x_wconf 88' lang='lat' dir='ltr'>Graeci</span> <span class='ocrx_word' id='word_1_74' title='bbox 2198 1069 2368 1166; x_wconf 79' lang='lat' dir='ltr'>qui-&#39;</span> 
     </span>
     <span class='ocr_line' id='line_1_10' title="bbox 343 1164 2364 1278; baseline 0.001 -40"><span class='ocrx_word' id='word_1_75' title='bbox 343 1166 502 1239; x_wconf 82' lang='lat' dir='ltr'>dem</span> <span class='ocrx_word' id='word_1_76' title='bbox 529 1164 621 1239; x_wconf 91' lang='lat' dir='ltr'>fic</span> <span class='ocrx_word' id='word_1_77' title='bbox 647 1164 714 1240; x_wconf 74' lang='lat' dir='ltr'>te</span> <span class='ocrx_word' id='word_1_78' title='bbox 742 1165 828 1240; x_wconf 84' lang='lat' dir='ltr'>ita</span> <span class='ocrx_word' id='word_1_79' title='bbox 860 1168 1200 1243; x_wconf 87' lang='lat' dir='ltr'>viventem</span> <span class='ocrx_word' id='word_1_80' title='bbox 1232 1168 1678 1243; x_wconf 90' lang='lat' dir='ltr'>intuebuntur</span> <span class='ocrx_word' id='word_1_81' title='bbox 1704 1223 1728 1257; x_wconf 88' lang='lat'>‚</span> <span class='ocrx_word' id='word_1_82' title='bbox 1787 1187 1868 1240; x_wconf 93' lang='lat' dir='ltr'>ut</span> <span class='ocrx_word' id='word_1_83' title='bbox 1894 1164 2231 1278; x_wconf 82' lang='lat' dir='ltr'>quendam</span> <span class='ocrx_word' id='word_1_84' title='bbox 2267 1193 2364 1241; x_wconf 83' lang='lat' dir='ltr'>ex</span> 
     </span>
     <span class='ocr_line' id='line_1_11' title="bbox 342 1264 2367 1361; baseline 0.001 -24"><span class='ocrx_word' id='word_1_85' title='bbox 342 1264 685 1339; x_wconf 79' lang='lat' dir='ltr'>annalium</span> <span class='ocrx_word' id='word_1_86' title='bbox 719 1267 1092 1361; x_wconf 76' lang='lat' dir='ltr'>memoria,</span> <span class='ocrx_word' id='word_1_87' title='bbox 1126 1284 1252 1339; x_wconf 80' lang='lat' dir='ltr'>aut</span> <span class='ocrx_word' id='word_1_88' title='bbox 1296 1266 1491 1341; x_wconf 88' lang='lat' dir='ltr'>etiam</span> <span class='ocrx_word' id='word_1_89' title='bbox 1538 1264 1622 1339; x_wconf 91' lang='lat' dir='ltr'>de</span> <span class='ocrx_word' id='word_1_90' title='bbox 1663 1265 1846 1340; x_wconf 82' lang='lat' dir='ltr'>coelo</span> <span class='ocrx_word' id='word_1_91' title='bbox 1871 1264 2187 1340; x_wconf 74' lang='lat' dir='ltr'>divinum</span> <span class='ocrx_word' id='word_1_92' title='bbox 2232 1265 2367 1339; x_wconf 95' lang='lat' dir='ltr'>ho-</span> 
     </span>
     <span class='ocr_line' id='line_1_12' title="bbox 310 1363 2365 1464; baseline 0.001 -28"><span class='ocrx_word' id='word_1_93' title='bbox 310 1363 601 1436; x_wconf 68' lang='lat' dir='ltr'>‘minem</span> <span class='ocrx_word' id='word_1_94' title='bbox 650 1364 777 1437; x_wconf 84' lang='lat' dir='ltr'>esse</span> <span class='ocrx_word' id='word_1_95' title='bbox 822 1364 895 1436; x_wconf 88' lang='lat' dir='ltr'>in</span> <span class='ocrx_word' id='word_1_96' title='bbox 925 1365 1343 1464; x_wconf 89' lang='lat' dir='ltr'>provinciam</span> <span class='ocrx_word' id='word_1_97' title='bbox 1387 1365 1726 1462; x_wconf 90' lang='lat' dir='ltr'>delapsum</span> <span class='ocrx_word' id='word_1_98' title='bbox 1767 1383 2027 1462; x_wconf 88' lang='lat' dir='ltr'>putent.</span> <span class='ocrx_word' id='word_1_99' title='bbox 2124 1364 2365 1464; x_wconf 87' lang='lat' dir='ltr'>Atque</span> 
     </span>
     <span class='ocr_line' id='line_1_13' title="bbox 344 1461 2360 1562; baseline 0.001 -28"><span class='ocrx_word' id='word_1_100' title='bbox 344 1462 496 1535; x_wconf 79' lang='lat' dir='ltr'>haec</span> <span class='ocrx_word' id='word_1_101' title='bbox 523 1488 710 1536; x_wconf 87' lang='lat' dir='ltr'>nunc</span> <span class='ocrx_word' id='word_1_102' title='bbox 740 1487 883 1536; x_wconf 90' lang='lat' dir='ltr'>non</span> <span class='ocrx_word' id='word_1_103' title='bbox 918 1485 996 1537; x_wconf 94' lang='lat' dir='ltr'>ut</span> <span class='ocrx_word' id='word_1_104' title='bbox 1024 1462 1376 1554; x_wconf 84' lang='lat' dir='ltr'>facias‚sed</span> <span class='ocrx_word' id='word_1_105' title='bbox 1408 1483 1486 1536; x_wconf 93' lang='lat' dir='ltr'>ut</span> <span class='ocrx_word' id='word_1_106' title='bbox 1510 1482 1577 1535; x_wconf 87' lang='lat' dir='ltr'>te</span> <span class='ocrx_word' id='word_1_107' title='bbox 1603 1463 1815 1535; x_wconf 71' lang='lat' dir='ltr'>Facere</span> <span class='ocrx_word' id='word_1_108' title='bbox 1845 1464 1920 1535; x_wconf 86' lang='lat'>&amp;</span> <span class='ocrx_word' id='word_1_109' title='bbox 1951 1461 2170 1535; x_wconf 73' lang='lat' dir='ltr'>fecifie</span> <span class='ocrx_word' id='word_1_110' title='bbox 2189 1487 2360 1562; x_wconf 88' lang='lat' dir='ltr'>gau-</span> 
     </span>
     <span class='ocr_line' id='line_1_14' title="bbox 343 1560 2356 1651; baseline 0 -19"><span class='ocrx_word' id='word_1_111' title='bbox 343 1561 497 1633; x_wconf 85' lang='lat' dir='ltr'>deas</span> <span class='ocrx_word' id='word_1_112' title='bbox 527 1618 550 1651; x_wconf 86' lang='lat'><strong>,</strong></span> <span class='ocrx_word' id='word_1_113' title='bbox 613 1560 855 1635; x_wconf 80' lang='lat' dir='ltr'>scribo,</span> <span class='ocrx_word' id='word_1_114' title='bbox 957 1562 1368 1634; x_wconf 82' lang='lat' dir='ltr'>Praeclarum</span> <span class='ocrx_word' id='word_1_115' title='bbox 1391 1562 1490 1635; x_wconf 88' lang='lat' dir='ltr'>est</span> <span class='ocrx_word' id='word_1_116' title='bbox 1521 1560 1702 1633; x_wconf 88' lang='lat' dir='ltr'>enim</span> <span class='ocrx_word' id='word_1_117' title='bbox 1731 1567 1999 1634; x_wconf 88' lang='lat' dir='ltr'>summo</span> <span class='ocrx_word' id='word_1_118' title='bbox 2029 1586 2189 1634; x_wconf 92' lang='lat' dir='ltr'>cum</span> <span class='ocrx_word' id='word_1_119' title='bbox 2222 1562 2356 1633; x_wconf 89' lang='lat' dir='ltr'>im-</span> 
     </span>
     <span class='ocr_line' id='line_1_15' title="bbox 343 1658 2356 1757; baseline 0.001 -27"><span class='ocrx_word' id='word_1_120' title='bbox 343 1659 537 1757; x_wconf 84' lang='lat' dir='ltr'>perio</span> <span class='ocrx_word' id='word_1_121' title='bbox 572 1669 601 1717; x_wconf 87' lang='lat'>5</span> <span class='ocrx_word' id='word_1_122' title='bbox 637 1658 831 1732; x_wconf 73' lang='lat' dir='ltr'>fuisse</span> <span class='ocrx_word' id='word_1_123' title='bbox 861 1660 933 1732; x_wconf 91' lang='lat' dir='ltr'>in</span> <span class='ocrx_word' id='word_1_124' title='bbox 967 1659 1119 1733; x_wconf 88' lang='lat' dir='ltr'>Afia</span> <span class='ocrx_word' id='word_1_125' title='bbox 1146 1658 1499 1734; x_wconf 79' lang='lat' dir='ltr'>biennium</span> <span class='ocrx_word' id='word_1_126' title='bbox 1539 1718 1562 1752; x_wconf 90' lang='lat'>,</span> <span class='ocrx_word' id='word_1_127' title='bbox 1627 1660 1720 1732; x_wconf 88' lang='lat' dir='ltr'>fic</span> <span class='ocrx_word' id='word_1_128' title='bbox 1768 1680 1845 1732; x_wconf 90' lang='lat' dir='ltr'>ut</span> <span class='ocrx_word' id='word_1_129' title='bbox 1876 1660 2144 1741; x_wconf 86' lang='lat' dir='ltr'>nullum</span> <span class='ocrx_word' id='word_1_130' title='bbox 2174 1679 2240 1733; x_wconf 91' lang='lat' dir='ltr'>te</span> <span class='ocrx_word' id='word_1_131' title='bbox 2268 1661 2356 1733; x_wconf 88' lang='lat' dir='ltr'>fi-</span> 
     </span>
     <span class='ocr_line' id='line_1_16' title="bbox 342 1757 2356 1858; baseline 0.002 -31"><span class='ocrx_word' id='word_1_132' title='bbox 342 1779 601 1854; x_wconf 85' lang='lat' dir='ltr'>gnum‚</span> <span class='ocrx_word' id='word_1_133' title='bbox 648 1757 837 1831; x_wconf 85' lang='lat' dir='ltr'>nulla</span> <span class='ocrx_word' id='word_1_134' title='bbox 866 1759 1165 1858; x_wconf 67' lang='lat' dir='ltr'>pistura,</span> <span class='ocrx_word' id='word_1_135' title='bbox 1212 1758 1485 1833; x_wconf 91' lang='lat' dir='ltr'>nullum</span> <span class='ocrx_word' id='word_1_136' title='bbox 1513 1785 1668 1850; x_wconf 78' lang='lat' dir='ltr'>vaS,</span> <span class='ocrx_word' id='word_1_137' title='bbox 1716 1759 1900 1832; x_wconf 89' lang='lat' dir='ltr'>nulla</span> <span class='ocrx_word' id='word_1_138' title='bbox 1935 1757 2170 1848; x_wconf 84' lang='lat' dir='ltr'>vestis,</span> <span class='ocrx_word' id='word_1_139' title='bbox 2195 1760 2356 1832; x_wconf 90' lang='lat' dir='ltr'>nul-</span> 
     </span>
     <span class='ocr_line' id='line_1_17' title="bbox 344 1855 2355 1956; baseline 0.002 -28"><span class='ocrx_word' id='word_1_140' title='bbox 344 1855 495 1928; x_wconf 88' lang='lat' dir='ltr'>lum</span> <span class='ocrx_word' id='word_1_141' title='bbox 540 1857 952 1955; x_wconf 87' lang='lat' dir='ltr'>mancipium</span> <span class='ocrx_word' id='word_1_142' title='bbox 1000 1916 1022 1949; x_wconf 83' lang='lat'><strong>,</strong></span> <span class='ocrx_word' id='word_1_143' title='bbox 1061 1856 1120 1901; x_wconf 57' lang='lat'>&gt;⁶</span> <span class='ocrx_word' id='word_1_144' title='bbox 1168 1857 1358 1931; x_wconf 87' lang='lat' dir='ltr'>nulla</span> <span class='ocrx_word' id='word_1_145' title='bbox 1398 1865 1614 1932; x_wconf 68' lang='lat' dir='ltr'>torma</span> <span class='ocrx_word' id='word_1_146' title='bbox 1656 1858 2051 1956; x_wconf 89' lang='lat' dir='ltr'>cujusquam</span> <span class='ocrx_word' id='word_1_147' title='bbox 2079 1913 2102 1947; x_wconf 88' lang='lat'>,</span> <span class='ocrx_word' id='word_1_148' title='bbox 2162 1857 2355 1932; x_wconf 87' lang='lat' dir='ltr'>nulla</span> 
     </span>
     <span class='ocr_line' id='line_1_18' title="bbox 342 1952 2353 2056; baseline 0.001 -28"><span class='ocrx_word' id='word_1_149' title='bbox 342 1952 678 2043; x_wconf 77' lang='lat' dir='ltr'>conditio·</span> <span class='ocrx_word' id='word_1_150' title='bbox 703 1957 1006 2051; x_wconf 86' lang='lat' dir='ltr'>pecuniae</span> <span class='ocrx_word' id='word_1_151' title='bbox 1057 1956 1336 2056; x_wconf 88' lang='lat' dir='ltr'>(quibus</span> <span class='ocrx_word' id='word_1_152' title='bbox 1367 1957 1566 2031; x_wconf 90' lang='lat' dir='ltr'>rebus</span> <span class='ocrx_word' id='word_1_153' title='bbox 1597 1955 1889 2029; x_wconf 86' lang='lat' dir='ltr'>abundat</span> <span class='ocrx_word' id='word_1_154' title='bbox 1922 1955 2039 2029; x_wconf 89' lang='lat' dir='ltr'>ista</span> <span class='ocrx_word' id='word_1_155' title='bbox 2066 1955 2353 2053; x_wconf 90' lang='lat' dir='ltr'>provin-</span> 
     </span>
     <span class='ocr_line' id='line_1_19' title="bbox 347 2050 2354 2167; baseline 0.003 -43"><span class='ocrx_word' id='word_1_156' title='bbox 347 2050 487 2144; x_wconf 74' lang='lat' dir='ltr'>cia)</span> <span class='ocrx_word' id='word_1_157' title='bbox 541 2051 625 2124; x_wconf 87' lang='lat' dir='ltr'>ab</span> <span class='ocrx_word' id='word_1_158' title='bbox 679 2059 937 2126; x_wconf 78' lang='lat' dir='ltr'>summa</span> <span class='ocrx_word' id='word_1_159' title='bbox 975 2055 1350 2167; x_wconf 77' lang='lat' dir='ltr'>integritate</span> <span class='ocrx_word' id='word_1_160' title='bbox 1390 2054 1931 2154; x_wconf 87' lang='lat' dir='ltr'>continentiaque</span> <span class='ocrx_word' id='word_1_161' title='bbox 1973 2052 2354 2131; x_wconf 81' lang='lat' dir='ltr'>deduxerit.</span> 
     </span>
     <span class='ocr_line' id='line_1_20' title="bbox 346 2148 2351 2253; baseline 0.003 -30"><span class='ocrx_word' id='word_1_162' title='bbox 346 2148 542 2250; x_wconf 78' lang='lat' dir='ltr'>Qid</span> <span class='ocrx_word' id='word_1_163' title='bbox 588 2171 809 2225; x_wconf 89' lang='lat' dir='ltr'>autem</span> <span class='ocrx_word' id='word_1_164' title='bbox 857 2154 1127 2253; x_wconf 72' lang='lat' dir='ltr'>reperiri</span> <span class='ocrx_word' id='word_1_165' title='bbox 1171 2174 1309 2228; x_wconf 91' lang='lat' dir='ltr'>tam</span> <span class='ocrx_word' id='word_1_166' title='bbox 1352 2154 1682 2229; x_wconf 87' lang='lat' dir='ltr'>eximium</span> <span class='ocrx_word' id='word_1_167' title='bbox 1725 2173 1841 2228; x_wconf 88' lang='lat' dir='ltr'>aut</span> <span class='ocrx_word' id='word_1_168' title='bbox 1865 2174 2002 2228; x_wconf 89' lang='lat' dir='ltr'>tam</span> <span class='ocrx_word' id='word_1_169' title='bbox 2029 2173 2351 2253; x_wconf 87' lang='lat' dir='ltr'>expeten-</span> 
     </span>
     <span class='ocr_line' id='line_1_21' title="bbox 343 2250 2348 2352; baseline 0.002 -29"><span class='ocrx_word' id='word_1_170' title='bbox 343 2250 515 2323; x_wconf 90' lang='lat' dir='ltr'>dum</span> <span class='ocrx_word' id='word_1_171' title='bbox 557 2251 775 2348; x_wconf 89' lang='lat' dir='ltr'>potest</span> <span class='ocrx_word' id='word_1_172' title='bbox 802 2309 823 2342; x_wconf 84' lang='lat'><strong>,</strong></span> <span class='ocrx_word' id='word_1_173' title='bbox 883 2253 1088 2352; x_wconf 71' lang='lat' dir='ltr'>quam</span> <span class='ocrx_word' id='word_1_174' title='bbox 1136 2253 1328 2326; x_wconf 90' lang='lat' dir='ltr'>istam</span> <span class='ocrx_word' id='word_1_175' title='bbox 1370 2254 1694 2329; x_wconf 69' lang='lat' dir='ltr'>&#39;virtutem</span> <span class='ocrx_word' id='word_1_176' title='bbox 1716 2310 1741 2345; x_wconf 86' lang='lat'><strong>,</strong></span> <span class='ocrx_word' id='word_1_177' title='bbox 1817 2253 2348 2328; x_wconf 63' lang='lat' dir='ltr'>moderationem*</span> 
     </span>
     <span class='ocr_line' id='line_1_22' title="bbox 340 2349 2351 2451; baseline 0.002 -29"><span class='ocrx_word' id='word_1_178' title='bbox 340 2349 582 2441; x_wconf 87' lang='lat' dir='ltr'>animi,</span> <span class='ocrx_word' id='word_1_179' title='bbox 628 2353 1127 2449; x_wconf 87' lang='lat' dir='ltr'>temperantiam</span> <span class='ocrx_word' id='word_1_180' title='bbox 1157 2369 1300 2424; x_wconf 82' lang='lat' dir='ltr'>non</span> <span class='ocrx_word' id='word_1_181' title='bbox 1331 2353 1527 2426; x_wconf 89' lang='lat' dir='ltr'>latere</span> <span class='ocrx_word' id='word_1_182' title='bbox 1553 2355 1625 2426; x_wconf 93' lang='lat' dir='ltr'>in</span> <span class='ocrx_word' id='word_1_183' title='bbox 1655 2352 1944 2426; x_wconf 88' lang='lat' dir='ltr'>tenebris</span> <span class='ocrx_word' id='word_1_184' title='bbox 1973 2377 2190 2451; x_wconf 91' lang='lat' dir='ltr'>neque</span> <span class='ocrx_word' id='word_1_185' title='bbox 2217 2353 2351 2427; x_wconf 82' lang='lat' dir='ltr'>effe</span> 
     </span>
     <span class='ocr_line' id='line_1_23' title="bbox 343 2447 2402 2550; baseline 0.002 -30"><span class='ocrx_word' id='word_1_186' title='bbox 343 2447 637 2521; x_wconf 82' lang='lat' dir='ltr'>abditam</span> <span class='ocrx_word' id='word_1_187' title='bbox 666 2506 688 2540; x_wconf 86' lang='lat'>,</span> <span class='ocrx_word' id='word_1_188' title='bbox 736 2450 844 2523; x_wconf 89' lang='lat' dir='ltr'>sed</span> <span class='ocrx_word' id='word_1_189' title='bbox 874 2450 945 2523; x_wconf 91' lang='lat' dir='ltr'>in</span> <span class='ocrx_word' id='word_1_190' title='bbox 975 2447 1125 2525; x_wconf 85' lang='lat' dir='ltr'>luce</span> <span class='ocrx_word' id='word_1_191' title='bbox 1157 2451 1336 2525; x_wconf 82' lang='lat' dir='ltr'>Afiae</span> <span class='ocrx_word' id='word_1_192' title='bbox 1366 2509 1388 2542; x_wconf 84' lang='lat'><strong>,</strong></span> <span class='ocrx_word' id='word_1_193' title='bbox 1437 2451 1509 2524; x_wconf 89' lang='lat' dir='ltr'>in</span> <span class='ocrx_word' id='word_1_194' title='bbox 1541 2451 1757 2526; x_wconf 84' lang='lat' dir='ltr'>oculis</span> <span class='ocrx_word' id='word_1_195' title='bbox 1791 2449 2158 2524; x_wconf 82' lang='lat' dir='ltr'>clariffimae</span> <span class='ocrx_word' id='word_1_196' title='bbox 2185 2476 2349 2550; x_wconf 82' lang='lat' dir='ltr'>pro-</span> <span class='ocrx_word' id='word_1_197' title='bbox 2389 2484 2402 2496; x_wconf 89' lang='lat'><strong>·</strong></span> 
     </span>
     <span class='ocr_line' id='line_1_24' title="bbox 344 2546 2350 2650; baseline 0 -28"><span class='ocrx_word' id='word_1_198' title='bbox 344 2546 591 2622; x_wconf 85' lang='lat' dir='ltr'>vinciae</span> <span class='ocrx_word' id='word_1_199' title='bbox 613 2605 635 2639; x_wconf 84' lang='lat'>,</span> <span class='ocrx_word' id='word_1_200' title='bbox 680 2569 877 2647; x_wconf 85' lang='lat' dir='ltr'>atque</span> <span class='ocrx_word' id='word_1_201' title='bbox 922 2547 995 2622; x_wconf 92' lang='lat' dir='ltr'>in</span> <span class='ocrx_word' id='word_1_202' title='bbox 1041 2548 1313 2623; x_wconf 86' lang='lat' dir='ltr'>auribus</span> <span class='ocrx_word' id='word_1_203' title='bbox 1345 2550 1656 2625; x_wconf 86' lang='lat' dir='ltr'>omnium</span> <span class='ocrx_word' id='word_1_204' title='bbox 1692 2548 1998 2650; x_wconf 81' lang='lat' dir='ltr'>gentium</span> <span class='ocrx_word' id='word_1_205' title='bbox 2026 2574 2102 2621; x_wconf 89' lang='lat' dir='ltr'>ac</span> <span class='ocrx_word' id='word_1_206' title='bbox 2131 2550 2350 2623; x_wconf 87' lang='lat' dir='ltr'>natio-</span> 
     </span>
     <span class='ocr_line' id='line_1_25' title="bbox 344 2646 2341 2753; baseline 0.001 -34"><span class='ocrx_word' id='word_1_207' title='bbox 344 2672 514 2720; x_wconf 87' lang='lat' dir='ltr'>num</span> <span class='ocrx_word' id='word_1_208' title='bbox 532 2648 660 2720; x_wconf 84' lang='lat' dir='ltr'>effe</span> <span class='ocrx_word' id='word_1_209' title='bbox 687 2647 963 2746; x_wconf 74' lang='lat' dir='ltr'>positam</span> <span class='ocrx_word' id='word_1_210' title='bbox 983 2649 1012 2721; x_wconf 90' lang='lat'>?</span> <span class='ocrx_word' id='word_1_211' title='bbox 1030 2674 1171 2722; x_wconf 90' lang='lat' dir='ltr'>non</span> <span class='ocrx_word' id='word_1_212' title='bbox 1198 2648 1544 2723; x_wconf 87' lang='lat' dir='ltr'>itineribus</span> <span class='ocrx_word' id='word_1_213' title='bbox 1573 2648 1705 2723; x_wconf 90' lang='lat' dir='ltr'>tuis</span> <span class='ocrx_word' id='word_1_214' title='bbox 1737 2646 2096 2753; x_wconf 49' lang='lat' dir='ltr'>perterreri,</span> <span class='ocrx_word' id='word_1_215' title='bbox 2115 2647 2341 2721; x_wconf 87' lang='lat' dir='ltr'>homi-</span> 
     </span>
     <span class='ocr_line' id='line_1_26' title="bbox 342 2747 2343 2843; baseline 0.001 -26"><span class='ocrx_word' id='word_1_216' title='bbox 342 2747 508 2818; x_wconf 88' lang='lat' dir='ltr'>nes?</span> <span class='ocrx_word' id='word_1_217' title='bbox 529 2772 669 2817; x_wconf 90' lang='lat' dir='ltr'>non</span> <span class='ocrx_word' id='word_1_218' title='bbox 688 2751 959 2843; x_wconf 87' lang='lat' dir='ltr'>sumptu</span> <span class='ocrx_word' id='word_1_219' title='bbox 978 2747 1359 2822; x_wconf 82' lang='lat' dir='ltr'>exhauriri?</span> <span class='ocrx_word' id='word_1_220' title='bbox 1382 2773 1522 2820; x_wconf 90' lang='lat' dir='ltr'>non</span> <span class='ocrx_word' id='word_1_221' title='bbox 1547 2747 1840 2822; x_wconf 86' lang='lat' dir='ltr'>adventu</span> <span class='ocrx_word' id='word_1_222' title='bbox 1866 2747 2287 2822; x_wconf 81' lang='lat' dir='ltr'>commoveri</span> <span class='ocrx_word' id='word_1_223' title='bbox 2310 2748 2343 2820; x_wconf 84' lang='lat'>?</span> 
     </span>
     <span class='ocr_line' id='line_1_27' title="bbox 341 2843 2342 2944; baseline 0 -28"><span class='ocrx_word' id='word_1_224' title='bbox 341 2844 470 2916; x_wconf 87' lang='lat' dir='ltr'>efle</span> <span class='ocrx_word' id='word_1_225' title='bbox 502 2868 939 2942; x_wconf 88' lang='lat' dir='ltr'>quocumque</span> <span class='ocrx_word' id='word_1_226' title='bbox 966 2847 1225 2920; x_wconf 88' lang='lat' dir='ltr'>veneris</span> <span class='ocrx_word' id='word_1_227' title='bbox 1254 2846 1329 2918; x_wconf 84' lang='lat'>&amp;</span> <span class='ocrx_word' id='word_1_228' title='bbox 1363 2844 1636 2944; x_wconf 75' lang='lat' dir='ltr'>publice</span> <span class='ocrx_word' id='word_1_229' title='bbox 1670 2847 1744 2919; x_wconf 73' lang='grc' dir='ltr'>δε</span> <span class='ocrx_word' id='word_1_230' title='bbox 1777 2843 2090 2944; x_wconf 88' lang='lat' dir='ltr'>privatim</span> <span class='ocrx_word' id='word_1_231' title='bbox 2123 2844 2342 2917; x_wconf 83' lang='lat' dir='ltr'>maxi·</span> 
     </span>
     <span class='ocr_line' id='line_1_28' title="bbox 340 2941 2364 3045; baseline 0 -31"><span class='ocrx_word' id='word_1_232' title='bbox 340 2966 522 3014; x_wconf 89' lang='lat' dir='ltr'>mam</span> <span class='ocrx_word' id='word_1_233' title='bbox 557 2941 889 3016; x_wconf 82' lang='lat' dir='ltr'>laetitiam:</span> <span class='ocrx_word' id='word_1_234' title='bbox 951 2943 1112 3016; x_wconf 74' lang='lat' dir='ltr'>cum</span> <span class='ocrx_word' id='word_1_235' title='bbox 1145 2942 1307 3017; x_wconf 88' lang='lat' dir='ltr'>urbs</span> <span class='ocrx_word' id='word_1_236' title='bbox 1338 2944 1725 3034; x_wconf 84' lang='lat' dir='ltr'>custodem,</span> <span class='ocrx_word' id='word_1_237' title='bbox 1762 2969 1904 3016; x_wconf 92' lang='lat' dir='ltr'>non</span> <span class='ocrx_word' id='word_1_238' title='bbox 1939 2963 2301 3045; x_wconf 86' lang='lat' dir='ltr'>tyrannum</span> <span class='ocrx_word' id='word_1_239' title='bbox 2323 2976 2364 3036; x_wconf 81' lang='lat'>3-</span> 
     </span>
     <span class='ocr_line' id='line_1_29' title="bbox 339 3040 2419 3140; baseline 0.002 -27"><span class='ocrx_word' id='word_1_240' title='bbox 339 3040 589 3113; x_wconf 82' lang='lat' dir='ltr'>domus</span> <span class='ocrx_word' id='word_1_241' title='bbox 621 3040 945 3135; x_wconf 89' lang='lat' dir='ltr'>hospitem</span> <span class='ocrx_word' id='word_1_242' title='bbox 962 3099 984 3132; x_wconf 83' lang='lat'><strong>,</strong></span> <span class='ocrx_word' id='word_1_243' title='bbox 1032 3068 1173 3115; x_wconf 91' lang='lat' dir='ltr'>non</span> <span class='ocrx_word' id='word_1_244' title='bbox 1196 3041 1630 3140; x_wconf 83' lang='lat' dir='ltr'>expilatorem</span> <span class='ocrx_word' id='word_1_245' title='bbox 1655 3041 1964 3139; x_wconf 87' lang='lat' dir='ltr'>recepiffe</span> <span class='ocrx_word' id='word_1_246' title='bbox 1986 3041 2286 3118; x_wconf 78' lang='lat' dir='ltr'>videatur</span> <span class='ocrx_word' id='word_1_247' title='bbox 2304 3045 2340 3117; x_wconf 85' lang='lat'>?</span> <span class='ocrx_word' id='word_1_248' title='bbox 2389 3105 2390 3110; x_wconf 28' lang='lat'>1</span> <span class='ocrx_word' id='word_1_249' title='bbox 2415 3089 2419 3092; x_wconf 93' lang='lat'>·</span> 
     </span>
     <span class='ocr_line' id='line_1_30' title="bbox 366 3138 2344 3240; baseline 0.003 -30"><span class='ocrx_word' id='word_1_250' title='bbox 366 3157 369 3162; x_wconf 86' lang='grc'><em>·</em></span> <span class='ocrx_word' id='word_1_251' title='bbox 445 3151 500 3224; x_wconf 85' lang='lat'>§.</span> <span class='ocrx_word' id='word_1_252' title='bbox 555 3157 617 3237; x_wconf 84' lang='lat'>3.</span> <span class='ocrx_word' id='word_1_253' title='bbox 668 3139 805 3211; x_wconf 88' lang='lat' dir='ltr'>His</span> <span class='ocrx_word' id='word_1_254' title='bbox 832 3161 1052 3213; x_wconf 90' lang='lat' dir='ltr'>autem</span> <span class='ocrx_word' id='word_1_255' title='bbox 1089 3141 1162 3213; x_wconf 92' lang='lat' dir='ltr'>in</span> <span class='ocrx_word' id='word_1_256' title='bbox 1191 3140 1388 3214; x_wconf 89' lang='lat' dir='ltr'>rebus</span> <span class='ocrx_word' id='word_1_257' title='bbox 1409 3141 1549 3240; x_wconf 87' lang='lat' dir='ltr'>jam</span> <span class='ocrx_word' id='word_1_258' title='bbox 1578 3159 1644 3213; x_wconf 92' lang='lat' dir='ltr'>te</span> <span class='ocrx_word' id='word_1_259' title='bbox 1673 3141 1828 3213; x_wconf 91' lang='lat' dir='ltr'>usus</span> <span class='ocrx_word' id='word_1_260' title='bbox 1863 3141 2000 3237; x_wconf 89' lang='lat' dir='ltr'>ipse</span> <span class='ocrx_word' id='word_1_261' title='bbox 2031 3138 2344 3238; x_wconf 67' lang='lat' dir='ltr'>profesto</span> 
     </span>
     <span class='ocr_line' id='line_1_31' title="bbox 335 3236 2348 3337; baseline 0 -23"><span class='ocrx_word' id='word_1_262' title='bbox 335 3237 631 3314; x_wconf 85' lang='lat' dir='ltr'>erudivit</span> <span class='ocrx_word' id='word_1_263' title='bbox 657 3295 679 3329; x_wconf 85' lang='lat'><strong>,</strong></span> <span class='ocrx_word' id='word_1_264' title='bbox 741 3263 1158 3337; x_wconf 87' lang='lat' dir='ltr'>nequaquam</span> <span class='ocrx_word' id='word_1_265' title='bbox 1201 3239 1346 3313; x_wconf 68' lang='lat' dir='ltr'>{atis</span> <span class='ocrx_word' id='word_1_266' title='bbox 1391 3239 1519 3311; x_wconf 86' lang='lat' dir='ltr'>effe</span> <span class='ocrx_word' id='word_1_267' title='bbox 1550 3295 1573 3329; x_wconf 92' lang='lat'>‚</span> <span class='ocrx_word' id='word_1_268' title='bbox 1623 3237 1844 3336; x_wconf 91' lang='lat' dir='ltr'>ipsum</span> <span class='ocrx_word' id='word_1_269' title='bbox 1887 3240 2072 3312; x_wconf 90' lang='lat' dir='ltr'>hasce</span> <span class='ocrx_word' id='word_1_270' title='bbox 2105 3236 2348 3315; x_wconf 86' lang='lat' dir='ltr'>habere</span> 
     </span>
     <span class='ocr_line' id='line_1_32' title="bbox 338 3336 2343 3439; baseline 0.001 -29"><span class='ocrx_word' id='word_1_271' title='bbox 338 3337 659 3428; x_wconf 79' lang='lat' dir='ltr'>virtuteS,</span> <span class='ocrx_word' id='word_1_272' title='bbox 706 3337 813 3410; x_wconf 88' lang='lat' dir='ltr'>sed</span> <span class='ocrx_word' id='word_1_273' title='bbox 839 3336 969 3412; x_wconf 85' lang='lat' dir='ltr'>effe</span> <span class='ocrx_word' id='word_1_274' title='bbox 995 3337 1670 3437; x_wconf 88' lang='lat' dir='ltr'>circumspiciendum</span> <span class='ocrx_word' id='word_1_275' title='bbox 1702 3337 2058 3439; x_wconf 88' lang='lat' dir='ltr'>diligenter</span> <span class='ocrx_word' id='word_1_276' title='bbox 2088 3394 2113 3430; x_wconf 90' lang='lat'><strong>,</strong></span> <span class='ocrx_word' id='word_1_277' title='bbox 2157 3356 2237 3410; x_wconf 92' lang='lat' dir='ltr'>ut</span> <span class='ocrx_word' id='word_1_278' title='bbox 2266 3336 2343 3413; x_wconf 88' lang='lat' dir='ltr'>in</span> 
     </span>
    </p>
   </div>
   <div class='ocr_carea' id='block_1_2' title="bbox 2223 3436 2348 3512">
    <p class='ocr_par' dir='ltr' id='par_1_3' title="bbox 2223 3436 2348 3512">
     <span class='ocr_line' id='line_1_33' title="bbox 2223 3436 2348 3512; baseline 0.032 -4"><span class='ocrx_word' id='word_1_279' title='bbox 2223 3436 2348 3512; x_wconf 86' lang='lat' dir='ltr'>hac</span> 
     </span>
    </p>
   </div>
   <div class='ocr_carea' id='block_1_3' title="bbox 337 3534 2356 3973">
    <p class='ocr_par' dir='ltr' id='par_1_4' title="bbox 337 3534 2356 3973">
     <span class='ocr_line' id='line_1_34' title="bbox 397 3534 2343 3601; baseline 0.001 -17"><span class='ocrx_word' id='word_1_280' title='bbox 397 3554 442 3596; x_wconf 75' lang='grc'>4.</span> <span class='ocrx_word' id='word_1_281' title='bbox 473 3542 689 3584; x_wconf 73' lang='lat' dir='ltr'>Naturam</span> <span class='ocrx_word' id='word_1_282' title='bbox 726 3538 949 3595; x_wconf 57' lang='lat' dir='ltr'>exentera]</span> <span class='ocrx_word' id='word_1_283' title='bbox 976 3536 1174 3599; x_wconf 73' lang='lat' dir='ltr'>Repofiai</span> <span class='ocrx_word' id='word_1_284' title='bbox 1206 3535 1308 3584; x_wconf 84' lang='lat' dir='ltr'>vul·</span> <span class='ocrx_word' id='word_1_285' title='bbox 1359 3534 1520 3586; x_wconf 78' lang='lat' dir='ltr'>dubito</span> <span class='ocrx_word' id='word_1_286' title='bbox 1543 3537 1657 3598; x_wconf 78' lang='lat' dir='ltr'>quin</span> <span class='ocrx_word' id='word_1_287' title='bbox 1679 3536 1931 3601; x_wconf 79' lang='lat' dir='ltr'>legendum</span> <span class='ocrx_word' id='word_1_288' title='bbox 1949 3534 2008 3586; x_wconf 82' lang='lat' dir='ltr'>fit</span> <span class='ocrx_word' id='word_1_289' title='bbox 2029 3567 2047 3593; x_wconf 80' lang='lat'><strong>,</strong></span> <span class='ocrx_word' id='word_1_290' title='bbox 2083 3536 2235 3599; x_wconf 75' lang='lat' dir='ltr'>proteri</span> <span class='ocrx_word' id='word_1_291' title='bbox 2265 3540 2343 3586; x_wconf 74' lang='lat' dir='ltr'>bo·</span> 
     </span>
     <span class='ocr_line' id='line_1_35' title="bbox 339 3599 1741 3662; baseline 0.004 -17"><span class='ocrx_word' id='word_1_292' title='bbox 339 3611 504 3662; x_wconf 77' lang='lat' dir='ltr'>gamm</span> <span class='ocrx_word' id='word_1_293' title='bbox 533 3632 549 3653; x_wconf 85' lang='lat'><strong>‚</strong></span> <span class='ocrx_word' id='word_1_294' title='bbox 579 3599 757 3647; x_wconf 77' lang='lat' dir='ltr'>excolere</span> <span class='ocrx_word' id='word_1_295' title='bbox 778 3632 794 3654; x_wconf 90' lang='lat'>,</span> <span class='ocrx_word' id='word_1_296' title='bbox 822 3603 953 3661; x_wconf 85' lang='lat' dir='ltr'>quod</span> <span class='ocrx_word' id='word_1_297' title='bbox 976 3601 1168 3661; x_wconf 81' lang='lat' dir='ltr'>ejecetat</span> <span class='ocrx_word' id='word_1_298' title='bbox 1192 3602 1309 3646; x_wconf 75' lang='lat' dir='ltr'>Gru·</span> <span class='ocrx_word' id='word_1_299' title='bbox 1367 3604 1511 3647; x_wconf 75' lang='lat' dir='ltr'>mines.</span> <span class='ocrx_word' id='word_1_300' title='bbox 1548 3602 1741 3659; x_wconf 71' lang='lat' dir='ltr'>Ursinus.</span> 
     </span>
     <span class='ocr_line' id='line_1_36' title="bbox 337 3658 2341 3726; baseline -0 -18"><span class='ocrx_word' id='word_1_301' title='bbox 337 3675 474 3714; x_wconf 66' lang='lat' dir='ltr'>xnus,</span> <span class='ocrx_word' id='word_1_302' title='bbox 510 3671 693 3723; x_wconf 81' lang='lat' dir='ltr'>tecepto</span> <span class='ocrx_word' id='word_1_303' title='bbox 722 3663 921 3708; x_wconf 76' lang='lat' dir='ltr'>attollere.</span> <span class='ocrx_word' id='word_1_304' title='bbox 1429 3669 1472 3709; x_wconf 89' lang='lat'>6.</span> <span class='ocrx_word' id='word_1_305' title='bbox 1505 3666 1638 3709; x_wconf 73' lang='lat' dir='ltr'><em>Nulla</em></span> <span class='ocrx_word' id='word_1_306' title='bbox 1664 3663 1813 3722; x_wconf 70' lang='lat' dir='ltr'>firma</span> <span class='ocrx_word' id='word_1_307' title='bbox 1845 3662 2129 3726; x_wconf 52' lang='lat' dir='ltr'>cujusquam]</span> <span class='ocrx_word' id='word_1_308' title='bbox 2172 3658 2341 3707; x_wconf 75' lang='lat' dir='ltr'>Palati-</span> 
     </span>
     <span class='ocr_line' id='line_1_37' title="bbox 404 3720 2339 3788; baseline 0.001 -21"><span class='ocrx_word' id='word_1_309' title='bbox 404 3737 445 3776; x_wconf 88' lang='grc' dir='ltr'>ς.</span> <span class='ocrx_word' id='word_1_310' title='bbox 484 3724 618 3781; x_wconf 75' lang='lat' dir='ltr'>Fm&#39;ffe</span> <span class='ocrx_word' id='word_1_311' title='bbox 639 3724 684 3768; x_wconf 78' lang='lat' dir='ltr'>in</span> <span class='ocrx_word' id='word_1_312' title='bbox 697 3724 815 3780; x_wconf 56' lang='lat' dir='ltr'>Asta</span> <span class='ocrx_word' id='word_1_313' title='bbox 838 3725 1081 3780; x_wconf 60' lang='lat' dir='ltr'>biennium]</span> <span class='ocrx_word' id='word_1_314' title='bbox 1112 3727 1181 3771; x_wconf 79' lang='lat' dir='ltr'>lta</span> <span class='ocrx_word' id='word_1_315' title='bbox 1204 3735 1310 3771; x_wconf 89' lang='lat' dir='ltr'>om·</span> <span class='ocrx_word' id='word_1_316' title='bbox 1366 3738 1453 3772; x_wconf 80' lang='lat' dir='ltr'>nus</span> <span class='ocrx_word' id='word_1_317' title='bbox 1475 3737 1593 3772; x_wconf 77' lang='lat' dir='ltr'>unus</span> <span class='ocrx_word' id='word_1_318' title='bbox 1609 3756 1627 3780; x_wconf 84' lang='lat'><strong>,</strong></span> <span class='ocrx_word' id='word_1_319' title='bbox 1648 3726 1830 3783; x_wconf 69' lang='lat' dir='ltr'>fortuna</span> <span class='ocrx_word' id='word_1_320' title='bbox 1850 3758 1866 3782; x_wconf 87' lang='lat'><em>‚</em></span> <span class='ocrx_word' id='word_1_321' title='bbox 1900 3722 2030 3788; x_wconf 86' lang='lat' dir='ltr'>quod</span> <span class='ocrx_word' id='word_1_322' title='bbox 2054 3720 2167 3771; x_wconf 82' lang='lat' dir='ltr'>esset</span> <span class='ocrx_word' id='word_1_323' title='bbox 2189 3720 2339 3784; x_wconf 70' lang='lat' dir='ltr'>digni-</span> 
     </span>
     <span class='ocr_line' id='line_1_38' title="bbox 339 3781 2356 3854; baseline 0.002 -23"><span class='ocrx_word' id='word_1_324' title='bbox 339 3782 457 3831; x_wconf 77' lang='lat' dir='ltr'>niuo</span> <span class='ocrx_word' id='word_1_325' title='bbox 483 3782 731 3847; x_wconf 84' lang='lat' dir='ltr'>legendum</span> <span class='ocrx_word' id='word_1_326' title='bbox 755 3816 771 3839; x_wconf 87' lang='lat'>,</span> <span class='ocrx_word' id='word_1_327' title='bbox 810 3797 919 3840; x_wconf 78' lang='lat' dir='ltr'>cum</span> <span class='ocrx_word' id='word_1_328' title='bbox 941 3788 1064 3834; x_wconf 78' lang='lat' dir='ltr'>male</span> <span class='ocrx_word' id='word_1_329' title='bbox 1084 3786 1133 3834; x_wconf 88' lang='lat' dir='ltr'>in</span> <span class='ocrx_word' id='word_1_330' title='bbox 1155 3785 1309 3833; x_wconf 83' lang='lat' dir='ltr'>omui·</span> <span class='ocrx_word' id='word_1_331' title='bbox 1366 3798 1469 3840; x_wconf 85' lang='lat' dir='ltr'>tas,</span> <span class='ocrx_word' id='word_1_332' title='bbox 1497 3787 1706 3848; x_wconf 76' lang='lat' dir='ltr'>potentia</span> <span class='ocrx_word' id='word_1_333' title='bbox 1726 3820 1744 3847; x_wconf 84' lang='lat'>,</span> <span class='ocrx_word' id='word_1_334' title='bbox 1772 3798 1915 3854; x_wconf 76' lang='lat' dir='ltr'>atque</span> <span class='ocrx_word' id='word_1_335' title='bbox 1934 3787 2106 3839; x_wconf 73' lang='lat' dir='ltr'>henot.</span> <span class='ocrx_word' id='word_1_336' title='bbox 2130 3781 2356 3848; x_wconf 51' lang='lat' dir='ltr'>cogituff&#39;</span> 
     </span>
     <span class='ocr_line' id='line_1_39' title="bbox 338 3844 1705 3903; baseline 0.007 -9"><span class='ocrx_word' id='word_1_337' title='bbox 338 3844 423 3894; x_wconf 77' lang='lat' dir='ltr'>bus</span> <span class='ocrx_word' id='word_1_338' title='bbox 457 3847 653 3903; x_wconf 70' lang='lat' dir='ltr'>vulgatis</span> <span class='ocrx_word' id='word_1_339' title='bbox 702 3845 933 3895; x_wconf 76' lang='lat' dir='ltr'>codicibus</span> <span class='ocrx_word' id='word_1_340' title='bbox 968 3847 1024 3897; x_wconf 84' lang='lat' dir='ltr'>fit</span> <span class='ocrx_word' id='word_1_341' title='bbox 1069 3850 1309 3897; x_wconf 76' lang='lat' dir='ltr'>triennium.</span> <span class='ocrx_word' id='word_1_342' title='bbox 1367 3845 1499 3903; x_wconf 79' lang='lat' dir='ltr'>dum.</span> <span class='ocrx_word' id='word_1_343' title='bbox 1530 3851 1705 3903; x_wconf 73' lang='lat' dir='ltr'>Gruter.</span> 
     </span>
     <span class='ocr_line' id='line_1_40' title="bbox 337 3906 1313 3973; baseline 0.006 -16"><span class='ocrx_word' id='word_1_344' title='bbox 337 3909 483 3962; x_wconf 63' lang='lat' dir='ltr'>Paulo</span> <span class='ocrx_word' id='word_1_345' title='bbox 514 3906 618 3970; x_wconf 81' lang='lat' dir='ltr'>post</span> <span class='ocrx_word' id='word_1_346' title='bbox 647 3921 744 3972; x_wconf 72' lang='lat' dir='ltr'>pto·</span> <span class='ocrx_word' id='word_1_347' title='bbox 760 3915 978 3973; x_wconf 71' lang='lat' dir='ltr'>perterreri</span> <span class='ocrx_word' id='word_1_348' title='bbox 1010 3914 1189 3963; x_wconf 69' lang='lat' dir='ltr'>homines</span> <span class='ocrx_word' id='word_1_349' title='bbox 1210 3924 1313 3963; x_wconf 74' lang='lat' dir='ltr'>non</span> 
     </span>
    </p>
   </div>
  </div>
 </body>
</html>
