2514 4438
334 253 484 330 '262
698 251 1163 326 PALERMt
1211 247 1997 332 Conamen-rnatu&

333 382 409 426 ne
443 363 714 425 merendo
747 363 818 422 de
847 361 1074 437 optimis
1105 358 1290 419 studiis
1308 376 1373 429 ,a
1403 358 1567 435 patris
1581 369 1750 434 atque
1767 358 1860 417 avi
1877 353 2113 431 vestigiis
2127 369 2387 430 nequa-a

334 457 509 521 quam
529 484 546 510 ,
584 451 648 499 ut
678 450 886 499 norunt
911 437 1030 513 jam
1063 454 1263 495 omnes
1283 479 1300 506 ,
1336 434 1635 503 recedens;
1676 434 1734 492 in
1765 451 1882 511 quo
1908 433 2148 508 legitur,
2166 446 2384 499 natus,

334 519 577 577 educatus
592 559 610 586 ,
649 515 1024 582 corroboratus,
1063 512 1218 572 resto
1253 511 1409 579 casu;
1451 524 1513 569 ut
1546 511 1847 569 conveniat
1880 526 2010 567 cum
2048 525 2121 566 eo
2142 549 2159 576 ,
2199 526 2281 562 ne
2299 508 2387 562 le-

390 615 411 651 s
441 593 643 672 quidem
673 589 872 649 metuit.
947 588 1185 648 Accedit
1217 589 1278 647 &
1301 588 1458 647 locus
1489 587 1609 646 Cic.
1638 588 1697 645 in
1725 588 1907 673 prima
1938 598 2077 643 orat.
2114 585 2173 641 in
2190 582 2387 639 Cati-

361 671 372 680 '
415 686 541 727 am:
582 688 686 726 non
703 668 873 743 filum
906 665 977 723 ad
1008 665 1314 740 negligendas
1340 664 1458 739 leges
1489 680 1557 725 (9·
1571 662 1850 743 questiones
1867 705 1884 732 ,
1902 680 2093 740 verum
2107 658 2281 715 etiam
2299 658 2385 713 ad

331 745 635 804 evertendas
654 743 1123 823 perfringendasque
1154 739 1376 813 valuisti.

421 821 672 878 Natusin
695 820 864 896 patris
877 819 1105 895 egestate]
1147 815 1218 874 de
1249 815 1486 903 egestate
1519 813 1777 874 Catilinae
1796 829 1993 873 omnes
2007 816 2347 892 loquuntur
2362 833 2381 871 t

337 897 410 957 de
441 899 606 973 patris
638 897 755 972 ejus
783 912 901 954 non
931 893 1373 951 facileinvemas.
1414 891 1614 950 Sallust.
1632 891 1689 949 in
1706 891 1868 950 Catil.
1887 891 2220 968 Agitabatur
2241 908 2379 947 ma-

329 973 409 1050 gis
439 973 691 1051 magisque
716 970 776 1028 in
797 971 897 1027 dies
925 968 1132 1026 animus
1144 972 1300 1042 ferox
1328 967 1491 1045 inopia
1522 968 1592 1025 rei
1606 965 1901 1039 fizmdiaris.

418 1057 482 1105 In
499 1047 686 1124 firoris
702 1047 890 1123 stupris
970 1045 1042 1104 de
1073 1045 1270 1103 sororis
1298 1043 1483 1119 stupro
1516 1085 1533 1110 ‚
1572 1061 1686 1102 non
1719 1043 1844 1102 alibi
1873 1042 1998 1119 legi.
2079 1041 2371 1102 Sororem

336 1121 582 1186 hffluiffe
599 1166 616 1192 ,
657 1140 794 1182 mox
827 1120 887 1180 vi
926 1121 1171 1180 ebimus:
1201 1119 1293 1197 sed
1312 1162 1329 1187 ,
1367 1120 1457 1198 qui
1485 1117 1702 1176 libidinis
1731 1115 1897 1195 caufflt
1921 1118 2099 1192 filium
2133 1139 2245 1176 non
2264 1119 2378 1175 du·-

340 1200 542 1258 bitabat
556 1200 761 1257 occidere
777 1240 795 1268 ,
835 1218 896 1255 ne
922 1217 958 1253 a
979 1198 1166 1273 sororis
1193 1195 1395 1275 quidem
1429 1196 1689 1252 concubitu
1705 1193 1978 1269 abstinebit.
2056 1196 2219 1254 Hinc
2235 1196 2372 1254 Cic.

338 1288 479 1336 orat.
507 1294 559 1334 2.
592 1277 650 1334 in
683 1276 874 1334 illum:
915 1294 1019 1353 qua
1052 1274 1298 1348 codes-per
1327 1271 1460 1347 hosce
1490 1290 1652 1328 annos
1671 1270 1786 1348 fine
1803 1271 2034 1328 Catilina
2052 1273 2216 1344 fitHa
2245 1272 2322 1346 est
2341 1271 2376 1329 ἔ

341 1353 477 1434 quod
509 1352 764 1426 nej'art'um
787 1352 1024 1428 stuprum
1059 1368 1161 1406 non
1181 1362 1272 1424 per
1299 1346 1488 1404 illum?
1527 1347 1601 1404 Et
1633 1348 1689 1406 in
1708 1359 1842 1406 orat.
1862 1339 2071 1424 inioga
2084 1347 2363 1406 candida:

342 1430 538 1505 stupris
561 1429 615 1504 se
644 1428 876 1485 omnibus
910 1444 976 1488 (9-
993 1425 1206 1504 flagitiis
1235 1424 1616 1481 contaminavit
1635 1467 1651 1491 ‚
1668 1423 1774 1480 cede
1806 1425 2003 1497 nefitria
2033 1425 2373 1492 cruentavit,

341 1506 553 1581 diripuit
570 1504 723 1581 socios
736 1526 755 1572 ;
794 1502 912 1578 leges
928 1545 945 1570 ,
1018 1501 1288 1574 uastiones,
1319 1499 1514 1576 judicia
1546 1499 1789 1557 violavit.

423 1579 792 1638 Corroboratus
818 1582 875 1636 in
903 1525 1045 1657 cmg]
1084 1580 1197 1636 hoc
1227 1577 1465 1651 probant
1496 1592 1561 1634 ea
1581 1619 1598 1644 ,
1638 1593 1769 1653 quae
1798 1575 2211 1653 subsequentur.
2251 1573 2368 1633 Sed

343 1657 657 1717 notandum
681 1698 698 1725 ,
736 1656 843 1714 tale
875 1656 1285 1714 incrementum
1320 1653 1529 1711 factum
1562 1654 1619 1710 in
1653 1653 1800 1712 vitiis
1829 1671 1861 1712 a
1879 1653 2153 1721 Catilina,
2196 1652 2369 1730 quale

348 1733 491 1792 solet
523 1733 582 1790 in
616 1733 732 1791 vita
762 1732 1064 1790 hominum
1094 1748 1126 1788 a
1159 1740 1352 1787 natura
1386 1725 1493 1786 effe
1525 1746 1540 1785 t
1619 1729 1825 1788 timum
1857 1730 2009 1788 enim
2044 1731 2364 1796 nascimur,

344 1821 487 1869 mox
517 1809 820 1867 educamur
839 1841 857 1877 ς
894 1819 1017 1866 tum
1052 1806 1494 1864 corroboramur.
1601 1823 1763 1865 mmo
1797 1806 1965 1864 etiam
1995 1806 2068 1864 de
2099 1807 2209 1882 ipsa
2238 1815 2361 1863 arte

346 1885 468 1945 Cic.
499 1887 558 1943 in
589 1902 641 1943 2.
659 1886 730 1943 de
763 1893 901 1944 orat:
936 1902 1066 1961 quae
1097 1883 1219 1941 sunt
1251 1893 1374 1941 orta
1394 1881 1764 1959 jaminnobis
1784 1884 2183 1957 &procreata,
2223 1882 2364 1941 edu-

344 1975 436 2021 cat
467 1974 635 2038 atque
667 1960 977 2021 confirmat.

357 2081 362 2094 .
425 2040 589 2114 Cujus
609 2041 808 2115 primus
825 2037 895 2093 ad
912 2049 1061 2112 remp.
1081 2036 1253 2093 aditus
1271 2077 1288 2103 ‚
1307 2035 1362 2092 in
1390 2036 1637 2114 equitibus
1668 2034 1912 2092 Romanis
1941 2035 2213 2092 occidendis
2214 2034 2356 2113 ficit]

344 2116 616 2175 nimirum
648 2114 743 2172 sub
776 2114 920 2172 Sulla
940 2153 958 2182 ,
997 2113 1054 2170 in
1074 2114 1227 2188 cujus
1260 2111 1498 2187 partibus
1529 2111 1765 2170 Catilina
1798 2112 1941 2170 fuit:
1979 2112 2196 2188 equites
2215 2128 2355 2171 vero

346 2191 599 2251 Romani
631 2202 823 2250 contra
855 2190 1058 2248 Sullam
1075 2211 1094 2256 ς
1137 2198 1198 2245 ut
1228 2188 1307 2246 ait
1334 2187 1607 2246 Asconius
1639 2188 1695 2246 in
1728 2188 2087 2264 orat.intoga
2105 2187 2357 2251 candida.

346 2268 604 2345 Ideoque
635 2269 695 2326 in
730 2285 795 2326 ea
827 2266 945 2324 Cic.
986 2272 1044 2322 A
1076 2264 1256 2343 quibus
1285 2264 1420 2321 enim
1428 2265 1556 2341 petis
1571 2264 1935 2341 consulatum?
1973 2264 2262 2345 abeqtaestri
2275 2285 2361 2323 or-

346 2344 464 2402 dine
483 2387 500 2413 ,
539 2364 689 2422 quem
726 2342 1027 2415 trucidasti?
1610 2342 1613 2343 ⁷

429 2431 576 2479 Nam
609 2421 706 2478 iuis
723 2463 740 2489 ,
779 2438 903 2498 quos
933 2418 1257 2476 meminimus
1272 2458 1290 2485 ,
1329 2417 1489 2475 Gallis
1507 2460 1525 2487 ,
1563 2417 1654 2496 qui
1686 2432 1801 2475 tum
1821 2418 2123 2476 Titiniorum
2137 2437 2192 2474 ac
2210 2418 2358 2475 Van-

345 2500 551 2558 niorum
576 2517 635 2554 ac
671 2494 1008 2572 Tanustorum
1038 2495 1200 2580 capita
1229 2493 1525 2565 demebant,
1564 2493 1704 2569 Sylla
1735 2513 1902 2552 unum
1936 2496 2219 2553 Catilinam
2231 2507 2359 2571 pra-

340 2578 556 2653 [ἔσεται]
597 2574 831 2649 legimus
862 2570 1009 2645 apud
1026 2570 1283 2637 Dionem
1302 2611 1319 2638 ,
1356 2570 1444 2627 lib.
1467 2588 1559 2646 37,
1574 2569 1875 2629 Catilinam
1892 2572 2203 2631 accusatum
2225 2569 2354 2629 fuis-

345 2653 440 2788 ξεί
481 2649 637 2728 quod
668 2647 1100 2724 proscriptorum
1135 2645 1340 2704 multos
1370 2644 1688 2713 occidiss‘et;
1731 2658 1900 2730 atque
1927 2648 1988 2707 in
2006 2647 2229 2725 judicio
2266 2647 2356 2705 ab-

372 2746 410 2787 o
432 2739 613 2786 utum.

425 2807 571 2890 {Quos
601 2801 922 2859 meminimus
988 2814 1120 2857 nam
1149 2796 1278 2856 haec
1303 2800 1506 2875 viginti
1536 2801 1653 2859 fere
1681 2800 1837 2859 annis
1857 2843 1874 2871 ,
1912 2814 2219 2879 antequam
2234 2801 2353 2860 haec

348 2880 710 2939 scriberentur
728 2919 745 2946 ,
785 2877 902 2941 acci
944 2888 1113 2933 erant.

359 2980 364 2983 ·
427 2954 761 3038 Titiniorum]
803 2950 1012 3011 Titinii
1042 2954 1406 3014 nominantur
1437 2970 1470 3012 a
1501 2954 1779 3015 Cicerone
1811 2997 1830 3026 ,
1868 2957 1927 3015 in
1955 2956 2048 3017 lib.
2081 2973 2139 3032 9.
2167 2972 2260 3031 ep.
2293 2948 2358 3012 ad

345 3032 468 3091 Att.
502 3047 534 3087 a
562 3029 638 3088 T.
672 3029 881 3099 Livio,
918 3029 1010 3086 lib.
1044 3048 1096 3105 ς.

425 3106 768 3184 Tanm'orum]
811 3104 870 3164 in
899 3104 1106 3180 scriptis
1138 3106 1214 3166 est
1246 3105 1528 3163 noviorum
1558 3107 1620 3164 &
1636 3110 1960 3167 nanniorum.
1998 3109 2060 3167 P.
2078 3109 2362 3167 Mannuc⁴

349 3186 466 3244 cius
498 3184 557 3241 in
588 3182 1006 3241 commentariis
1040 3199 1125 3258 ep.
1156 3182 1226 3243 ad
1260 3186 1378 3240 Att.
1410 3182 1531 3239 libri
1605 3186 1766 3254 rimi,
1806 3186 2144 3244 nanneiorum
2170 3186 2325 3260 legit.

430 3259 794 3338 Tanufiorum]
834 3257 1141 3317 videndum
1164 3302 1181 3329 ,
1197 3275 1336 3317 num
1359 3200 1720 3334 Tantaltgrum
1747 3260 2047 3336 legendum
2066 3261 2132 3319 fit
2149 3304 2168 3331 ,
2230 3276 2367 3320 nan-¹

348 3335 661 3474 dqquidem
679 3336 954 3423 Asconius
985 3336 1129 3394 inter
1158 3352 1257 3395 eos
1275 3377 1294 3406 ‚
1311 3335 1410 3412 qui
1425 3352 1456 3394 a
1479 3336 1716 3397 Catilina
1733 3338 1901 3397 occifi
1928 3337 2052 3397 sunt
2073 3380 2092 3408 ,
2111 3338 2182 3397 L.
2261 3355 2358 3399 an·

348 3427 407 3476 ta
451 3428 549 3474 um
658 3425 756 3471 nit.
2268 3436 2275 3443 ·

427 3503 491 3551 In
524 3428 705 3570 quggus
730 3490 810 3547 ille
838 3488 1092 3547 hominem
1123 3488 1370 3566 optimum
1399 3489 1741 3564 QCaecilium
1757 3516 1792 3561 ,·
1803 3490 1990 3567 sororis
2007 3491 2113 3568 sua
2143 3490 2325 3547 virum
2341 3526 2357 3557 ,

350 3572 568 3647 equitem
599 3572 773 3636 Rom]
816 3566 967 3623 Inter
998 3566 1133 3625 alios
1168 3584 1200 3624 a
1226 3565 1467 3625 Catilina
1499 3566 1710 3625 occisos
1731 3610 1749 3634 ,
1789 3569 2052 3627 nominat
2085 3566 2360 3627 Asconius

351 3646 522 3705 etiam
556 3647 633 3719 Q.
668 3642 995 3700 Caeciliumz
1035 3641 1282 3719 ide‘oque
1309 3642 1444 3700 nihil
1464 3643 1794 3702 mutandum
1828 3645 2100 3714 arbitror,
2137 3643 2268 3704 hcet
2301 3642 2356 3701 in

346 3720 555 3795 scriptis
586 3738 703 3778 non
736 3736 852 3776 uno
884 3718 1063 3776 modo
1093 3718 1158 3776 fit
1189 3719 1451 3793 scriptum
1483 3718 1596 3777 hoc
1626 3738 1856 3779 nomen.

426 3799 713 3875 &ullarum
735 3795 972 3872 partium
991 3836 1011 3867 ‚
1029 3814 1146 3857 cum
1161 3795 1359 3873 semper
1387 3808 1585 3855 natura
1617 3798 1760 3877 tum]
1799 3798 1927 3860 haec
1955 3796 2027 3859 ad
2044 3799 2353 3930 augendaffi

719 3910 723 3914 Α
837 3894 844 3899 Χ
1014 3882 1038 3909 0
2230 3877 2282 3937 ἡ
2334 3873 2351 3909 ,”
