2514 4438
250 173 418 282 '392³-
612 167 1086 264 Parmam
1129 162 1916 248 commum-Anus

327 296 510 377 Atque
534 288 592 347 in
607 290 755 368 fero]
807 286 1018 421 Ἦιίρρε
1046 284 1109 344 in
1139 284 1332 344 forum
1367 285 1780 346 conveniebant
1812 281 2090 345 madidari
2112 283 2139 355 ⁷,
2194 287 2281 344 uf

243 362 1153 519 snpgss‘caerfsgghxszzlfidssfffi.
1174 359 1820 507 {graisuncgraffiestm
1850 436 1934 508 fis,
1973 436 2116 498 Inde
2136 423 2291 498 veri

249 518 386 578 bum
406 516 645 596 prensare
669 517 1166 594 frequentativum.

326 604 452 653 Non
481 592 816 671 committere]
849 651 854 660 ,
896 588 1008 650 uafi
1037 602 1100 649 tu
1131 588 1233 648 tibi
1264 587 1446 651 deefl‘e
1478 589 1731 651 videaris.
2286 651 2291 658 ,

329 670 488 746 Quod
516 669 620 747 q'us
636 667 738 747 fit]
779 687 877 727 ver
914 685 944 725 a
978 666 1276 728 accusantis
1307 668 1707 746 negligentiam
1739 665 2041 746 candidati.
2115 665 2274 746 9„qu

254 747 360 824 φας
377 746 489 824 fit:
529 745 590 805 id
620 745 695 805 est
710 788 730 817 ‚
765 742 1257 819 suffragiumillius
1290 744 1559 824 consequi
1587 743 1750 821 poffis
1780 786 1801 813 ,
1834 743 2018 804 modo
2049 754 2114 800 tu
2144 742 2274 801 dili·

292 835 450 882 enter
479 839 543 880 ro
583 841 656 882 es,

252 839 292 898 g
335 899 391 957 si
418 898 509 958 abs
541 838 590 956 {e
617 916 719 955 non
736 895 816 976 fit
844 896 1108 976 rogatum]
1148 897 1275 958 libri
1302 898 1489 974 scripti
1514 914 1634 957 non
1668 894 1873 957 habent
1901 892 2278 971 negationem

255 977 495 1043 κωφὴ-δε
521 973 736 1050 prorsus
767 974 841 1033 est
872 972 1257 1051 expungenda.
2196 1037 2201 1038 ff
2294 1025 2302 1031 .

333 1058 410 1107 Ee
425 1050 577 1108 valde
592 1071 651 1106 ac
663 1049 919 1129 diligenter
934 1072 962 1106 r
1016 1053 1197 1129 atum]
1235 1052 1363 1112 haec
1377 1048 1679 1126 duplicatio
1693 1047 1987 1111 necessaria
2002 1048 2113 1107 est:
2154 1063 2279 1106 non

175 1159 180 1164 ·
261 1127 418 1187 enim
451 1126 572 1185 satis
602 1125 677 1185 est
742 1126 878 1196 uod,
916 1127 968 1188 se
1038 1127 1300 1208 quomodo.
1338 1127 1490 1187 Nam
1521 1127 1655 1189 facit
1674 1145 1771 1185 eos
1786 1125 2062 1213 populus,
2100 1124 2295 1200 aqui-‘

259 1205 361 1263 bus
390 1204 640 1264 maxime
672 1220 704 1265 e
776 1202 1045 1264 ambitus:
1085 1213 1149 1261 ut
1177 1213 1318 1262 orat.
1385 1220 1450 1261 ro
1481 1201 1588 1260 Cn.
1613 1202 1858 1263 Plancio.

338 1279 631 1355 Benignitas
657 1293 833 1337 autem
862 1279 967 1337 late
987 1282 1162 1359 patet]
1203 1278 1265 1339 id
1387 1320 1406 1349 ‚
1445 1276 1734 1338 liberalitas
1762 1278 1833 1339 ad
1859 1277 2068 1336 multos
2085 1287 2274 1335 exten·

267 1356 417 1416 ditur
433 1396 453 1426 ‚
492 1357 554 1414 &
585 1354 774 1414 multis
806 1354 992 1415 modis
1010 1356 1253 1414 exerceri
1270 1353 1465 1433 potest.
1503 1354 1623 1415 Cic.
1637 1351 1728 1415 lib.
1745 1373 1797 1417 2.
1813 1354 1914 1414 off.
1949 1352 2289 1429 Benignitas,'

270 1429 376 1514 Qua
407 1432 599 1510 constat
626 1452 689 1489 ex
721 1443 864 1509 opera
883 1473 902 1501 ,
939 1431 1096 1490 latius
1115 1445 1284 1509 patet.

345 1515 419 1565 Et
451 1507 518 1581 est
541 1509 599 1565 in
629 1527 682 1565 re
699 1506 986 1587 familiari]
1026 1507 1162 1568 illud
1191 1527 1259 1571 cv·
1287 1508 1347 1570 in
1377 1508 1652 1586 principio
1723 1507 1852 1568 rimi
1881 1507 2127 1567 membri
2157 1523 2277 1568 non

268 1584 451 1663 placet
467 1606 486 1651 ;
528 1601 656 1643 cum
688 1583 990 1659 praesertim
1024 1601 1143 1645 non
1174 1584 1400 1650 videam
1432 1585 1670 1646 insecun
1710 1585 2026 1645 omembro
2043 1584 2279 1643 alterum

269 1678 340 1726 φ·
357 1703 378 1731 ,
416 1676 546 1719 cum
580 1676 699 1738 quo
731 1659 1110 1720 connestatur.
1150 1660 1309 1721 Libri
1338 1661 1520 1737 scripti
1531 1661 1753 1721 habent.
1791 1660 2006 1720 Etiam:
2046 1672 2191 1737 puto
2206 1660 2281 1716 le-

313 1735 524 1802 endum
551 1756 626 1794 ea.
682 1734 803 1795 Cic.
832 1754 886 1797 2.
915 1734 1014 1795 off:
1067 1737 1274 1813 Duplex
1306 1737 1624 1796 liberalitatis
1649 1737 1798 1795 ratio.
1840 1746 1988 1795 Nam
2018 1751 2121 1793 aut
2149 1749 2284 1812 opera

219 1871 224 1878 .
277 1879 288 1886 .
329 1813 478 1889 nigne
496 1814 570 1888 fit
598 1811 1080 1888 indigentibus,aut
1093 1813 1323 1892 pecunia.
1360 1814 1435 1873 Et
1454 1814 1689 1873 Terent.
1702 1813 2056 1874 Phormaet.
2079 1817 2283 1888 5‚1c.3:

275 1893 483 1951 Pariter
509 1907 648 1947 nunc
676 1901 819 1965 opera
847 1910 930 1948 me
955 1889 1169 1964 adjuves
1185 1931 1204 1960 ,
1241 1910 1305 1946 ac
1332 1890 1532 1948 dudum
1562 1911 1613 1949 re
1642 1889 1894 1968 opitulata
1921 1909 1990 1948 es.

353 1970 483 2043 Qu
508 1985 833 2046 quamquam
858 1966 931 2025 ad
959 1965 1371 2043 multitudinem]
1409 1967 1629 2042 largitio
1646 2008 1666 2035 ,
1705 1983 1836 2042 quae
1866 1964 1931 2024 fit
1963 1984 2033 2024 ex
2048 1982 2111 2025 re
2125 1962 2289 2024 fami·

279 2041 436 2114 liari,
477 2044 695 2105 fontem
732 2041 911 2117 ipsum
942 2043 1293 2119 benignitatis
1326 2042 1574 2102 exhaurit
1608 2065 1627 2110 ;
1669 2058 1780 2119 qua
1810 2084 1828 2111 ,
1863 2059 1983 2119 quo
2018 2041 2078 2100 in
2109 2041 2290 2117 plures

277 2120 403 2180 usus
435 2118 535 2187 fis,
575 2136 648 2177 eo
680 2118 866 2177 minus
897 2119 958 2177 in
993 2121 1201 2178 multos
1232 2119 1318 2176 uti
1347 2118 1527 2194 poffis.
1555 2118 1676 2178 Cic.
1709 2118 1858 2181 offic.
1889 2118 1983 2178 lib.
2021 2137 2067 2177 1.

277 2193 292 2235 .·
359 2199 554 2256 Tamen
582 2192 649 2251 ab
681 2192 880 2272 amicis]
921 2191 1075 2252 idem
1110 2194 1231 2252 Cic.
1265 2194 1607 2269 Largiendum
1637 2195 1705 2269 est
1737 2212 2129 2273 nonnumquam
2145 2235 2165 2262 ,
2204 2209 2292 2252 nec

277 2272 487 2331 omnino
510 2268 600 2328 hoe
631 2267 949 2327 liberalitatis
970 2279 1128 2346 genus
1145 2269 1565 2347 repudiandum3
1592 2270 1686 2346 sed
1714 2271 1969 2347 diligenter
2000 2285 2149 2347 atque
2174 2288 2287 2327 rno-

280 2349 468 2407 derate.
544 2349 913 2423 Quamquam
944 2357 1134 2406 autern
1162 2344 1380 2423 largitio
1413 2388 1432 2416 ,
1484 2365 1618 2425 quae
1659 2345 2056 2423 corrumpendi
2094 2343 2293 2420 populi

334 2424 453 2486 aria
483 2422 656 2485 fiebat.
682 2465 700 2492 ,
736 2418 946 2499 legibus*
975 2422 1369 2499 prohibebatur
1400 2464 1420 2491 ,
1459 2435 1575 2483 erat
1602 2434 1801 2489 tamen
1825 2424 2010 2510 aliqua
2043 2418 2296 2480 conceffa

277 2444 516 2576 ffirgitio.
593 2501 788 2576 Quare
835 2500 1043 2559 Romae
1073 2499 1348 2558 habebant
1379 2496 1605 2574 singulae
1634 2499 1807 2559 tribus*
1831 2499 2117 2575 legitimos
2152 2496 2294 2555 divi·

281 2579 431 2637 sores
462 2619 480 2646 ‚
520 2592 651 2635 cum
683 2573 894 2652 aliquid
920 2575 981 2635 in
1010 2575 1288 2652 populum
1318 2573 1750 2635 distribuendum
1784 2587 1916 2634 erat.
1994 2575 2116 2633 Cic.
2153 2573 2212 2631 in
2243 2590 2298 2632 2.

284 2650 450 2727 Verr.
482 2651 770 2710 Divisores
801 2651 1060 2711 omnium
1094 2650 1344 2709 tribuum
1374 2652 1650 2712 nominat.
1725 2652 1844 2727 Qui
1859 2652 2072 2728 primus
2090 2651 2300 2711 Romae

285 2729 503 2865 {opulp
534 2739 631 2786 aut
653 2726 834 2804 judici
866 2726 1167 2802 pecuniam
1192 2728 1413 2806 largitus
1443 2725 1509 2788 fit
1543 2767 1563 2797 ,
1597 2728 1898 2806 ignoratur.
1934 2726 2212 2786 Plutarch.
2244 2727 2305 2785 in

342 2823 466 2864 orio
488 2821 616 2862 ano.

367 2882 457 2955 Est
472 2880 529 2937 in
544 2877 825 2959 conviviis]
863 2877 1072 2941 licuiffe
1103 2876 1403 2941 candidatis
1417 2924 1435 2953 ,
1454 2880 1739 2957 petitionis
1769 2879 1882 2941 suae
1917 2878 2096 2941 cauffa
2117 2923 2135 2950 ‚
2170 2872 2309 2941 con'-
2340 2952 2345 2955 .

288 2957 447 3016 vivia
476 2955 689 3032 populo
724 2957 942 3026 facere,
984 2975 1054 3016 ex
1081 2956 1196 3015 hoc
1225 2955 1359 3016 loco
1388 2968 1632 3034 apparet.
1708 2956 1817 3018 Sed
1851 2974 1991 3016 mox
2021 2961 2307 3019 referente

296 3034 577 3092 Cicerone
607 3031 867 3103 consule,
907 3033 1010 3091 SC.
1039 3032 1250 3113 faetum
1287 3034 1401 3102 est‚‚
1438 3035 1497 3092 in
1529 3051 1648 3112 quo
1683 3046 1835 3102 erat,
1891 3046 2085 3093 contra
2119 3035 2313 3110 legem

295 3110 655 3185 Calpurniam
679 3152 697 3178 ‚
722 3127 854 3186 quae
884 3108 954 3168 de
970 3109 1185 3169 ambitu
1202 3122 1355 3178 erat,
1395 3109 1609 3170 faetum
1623 3108 1801 3169 videri
1819 3152 1837 3179 ‚
1878 3110 2167 3186 fiprandia
2188 3114 2314 3172 vul-

292 3202 372 3263 go
407 3184 578 3244 effent
609 3183 765 3244 data:
806 3199 870 3244 ut
898 3187 958 3245 in
988 3196 1125 3244 orat.
1158 3204 1263 3261 pro
1296 3186 1522 3245 Muren.
1624 3225 1631 3229 -

292 3334 298 3339 .
374 3264 502 3337 Qa
516 3262 685 3334 fhcere
714 3260 805 3317 abs
835 3263 910 3342 te]
948 3263 1105 3321 Iocus
1138 3275 1445 3338 corruptus.
1484 3262 1644 3321 Libri
1671 3262 1890 3339 scripti,
1927 3282 2032 3341 que
2049 3265 2230 3335 facere
2264 3287 2319 3322 0-

286 3351 490 3415 portet:
532 3334 875 3407 Lambinus,
914 3358 1019 3417 qua
1034 3338 1233 3411 facito,
1275 3356 1342 3400 (γ’
1370 3339 1461 3396 abs
1494 3353 1573 3398 te:
1612 3337 1707 3399 sed
1735 3340 1927 3400 malim
1947 3382 1970 3410 ,
1990 3350 2116 3419 'qua
2132 3340 2319 3415 sac&

297 3413 389 3475 abs
420 3429 468 3472 te
496 3431 561 3476 (γ’
591 3411 657 3469 ab
686 3413 875 3471 amicis.

374 3497 450 3547 Et
482 3487 656 3546 amicis
688 3488 790 3545 tuis
858 3498 961 3548 tuo
993 3491 1264 3559 nomine;
1304 3502 1367 3549 ut
1396 3492 1456 3551 in
1489 3490 1687 3552 eadem
1720 3505 1858 3554 orat.
1893 3510 1998 3569 pro
2030 3494 2262 3556 Muren.

374 3565 790 3624 Concelebrentur
855 3566 936 3624 fre
979 3579 1292 3628 uententur.
1343 3569 1569 3627 Lucret.
1598 3570 1692 3628 lib.
1727 3588 1776 3628 1¹:
1849 3574 1977 3646 ἕξοι
2008 3590 2152 3628 mare
2179 3589 2318 3628 nav.

335 3648 405 3697 ua
436 3657 597 3707 terras
612 3644 758 3725 frug.
792 3649 953 3725 §once
1025 3664 1129 3727 rag.
1204 3645 1279 3727 Et
1308 3644 1394 3724 M.
1422 3641 1544 3727 Cic.
1576 3663 1682 3727 pro
1706 3646 1858 3726 Mur.
1892 3642 1949 3725 fi
1994 3647 2172 3731 demus
2203 3645 2323 3708 cde·-

332 3730 503 3777 ratur.

2189 3798 2326 3879 J'as:
