2514 4438
392 265 505 326 υτ
559 241 668 342 Q
706 240 906 328 Cxe.
945 263 1077 324 DE
1127 241 1448 320 Pam-r.
1498 203 1903 328 domun
2056 239 2211 329 ³28}

139 364 255 424 ὀἱα
284 365 562 442 cujusque
592 363 729 437 adest
761 361 929 439 Scipio.
982 363 1059 423 Et
1089 360 1277 428 Caesar
1292 405 1311 432 ‚
1347 361 1440 421 lib.
1475 384 1525 425 1.
1556 363 1682 423 bell.
1703 367 1847 425 Gell.
1890 366 1978 424 Uti
1989 387 2064 426 eos
2079 371 2219 442 testes

134 441 251 520 sua
285 440 522 520 quisque
558 437 776 497 virtutis
801 438 1021 497 haberet.
1059 437 1134 496 Et
1162 437 1255 497 lib.
1293 457 1341 498 1.
1374 437 1498 502 bell.
1530 440 1678 500 civil.
1719 442 1819 501 Sub
1835 444 1984 501 oculis
1998 442 2218 504 Domini

128 516 313 596 suam
340 517 597 595 probare,
612 516 865 580 virtutem
883 513 1175 588 studebant.

232 603 311 653 Ut
350 594 547 651 videre
580 609 629 650 te
650 592 804 670 plane
836 606 993 669 atque
1021 591 1462 671 animadvertere]
1501 605 1625 653 tum
1657 606 1720 653 ut
1746 595 1915 656 sciant
1948 639 1966 666 ‚
2003 596 2058 655 se
2090 617 2208 659 non

145 667 490 756 praestitiffe
529 687 762 746 operam
794 667 1015 737 homini
1044 668 1255 737 insci0‚
1294 679 1418 727 tum
1451 683 1511 728 ut
1528 690 1644 729 non
1661 672 1900 730 audeant
1917 674 2109 735 fucum
2129 679 2211 734 fa-

145 765 333 806 cere:
381 748 469 806 ita
503 746 693 822 paullo
727 745 880 820 post;
923 760 983 805 ut
1014 742 1106 820 ipsi
1132 744 1423 819 intelligant
1455 788 1473 816 ,
1514 763 1562 812 to
1595 750 1763 805 videre
1795 749 1922 827 quid
1950 770 1984 809 a
2017 771 2213 830 quoque

143 826 409 899 expec‘les.
455 823 644 890 Item;
689 822 757 878 Iis
777 820 1060 897 fignificato
1077 862 1093 889 ,
1135 836 1184 884 te
1210 821 1639 888 animadvertere.

241 906 299 957 T
289 899 502 957 ertium
533 899 661 957 illud
681 918 838 974 genus
866 898 934 969 est
958 897 1247 970 studiorum
1279 897 1668 977 voluntarium]
1710 918 1910 960 eorum
1945 901 2041 977 qui
2072 901 2212 962 nihil

153 987 529 1052 acceperunt
566 1017 583 1043 ,
638 975 776 1034 nihil
807 973 1104 1049 expectant
1137 1015 1154 1041 ‚
1209 972 1302 1031 sed
1332 973 1444 1032 sola
1478 978 1766 1042 voluntate
1796 977 2020 1036 adducti
2047 980 2210 1038 nobis

151 1052 415 1123 student.
501 1053 585 1111 Hi
619 1063 885 1129 quattuor
917 1049 1220 1114 rationibus
1266 1049 1634 1114 confirmandi
1681 1054 1803 1111 sunt
1836 1077 1853 1121 ;
1909 1054 2210 1128 gratiarum

153 1128 405 1188 actione
428 1172 447 1199 ‚
490 1129 817 1188 sermonum
851 1126 1371 1196 communicatione
1390 1169 1407 1195 ‚
1424 1129 1565 1203 paris
1595 1129 1771 1188 animi
1786 1130 2210 1206 significatione,

151 1203 258 1280 spe
292 1205 716 1274 familiaritatis,
1195 1267 1199 1271 ,
1632 1225 1635 1226 ’

240 1282 496 1358 Agendis
517 1284 727 1359 gratiir]
769 1280 841 1340 de
873 1298 982 1349 ee,
1021 1279 1179 1357 quod
1209 1278 1303 1339 sua
1337 1282 1534 1356 sponte
1569 1293 1700 1341 ante
1718 1282 1947 1357 egerint.

242 1358 730 1426 Accommodandis
747 1354 1092 1443 sermonibus]
1140 1367 1205 1413 ut
1230 1355 1303 1415 de
1337 1358 1401 1416 iis
1433 1358 1592 1418 rebus
1621 1360 1921 1436 loquamur
1956 1402 1973 1428 ,
2012 1361 2212 1438 quibus

158 1435 415 1512 quisque
449 1436 582 1511 capi
613 1434 908 1494 videbitur.
947 1434 1195 1501 Enn1u3‚
1236 1433 1486 1493 amicum
1516 1436 1673 1493 illum
1707 1435 2048 1504 describen3‚
2083 1456 2211 1498 onu-

157 1511 334 1579 nium
364 1513 647 1571 horarum
678 1511 977 1571 hominem
1013 1552 1032 1579 ‚
1069 1508 1219 1586 apud
1248 1511 1381 1568 Aul.
1412 1511 1537 1590 Gel.
1566 1511 1657 1569 lib.
1698 1529 1786 1581 12,
1821 1530 1939 1588 cap.
1978 1532 2064 1586 14,
2097 1515 2209 1585 ait,

163 1589 409 1664 Secunda
441 1590 656 1668 Loquens
684 1588 742 1646 in
775 1600 992 1664 temporo
1013 1629 1030 1655 ‚
1067 1586 1358 1649 commodus
1389 1589 1497 1645 &a

243 1663 526 1741 studiosus
552 1666 643 1753 yffi
670 1663 954 1743 videbitur]
995 1664 1095 1740 qui
1123 1662 1334 1721 studeat
1348 1664 1509 1722 nobis
1528 1706 1567 1750 ,ο
1583 1664 1892 1741 praestantia
1907 1667 2087 1744 aliqua
2107 1664 2211 1730 du-

164 1740 292 1802 stus
312 1784 330 1810 ,
373 1760 519 1819 quae
549 1761 609 1800 m
639 1742 836 1810 nobis,
876 1751 1010 1815 puta
1043 1739 1418 1816 eloquentiae,
1457 1742 1796 1819 antiquitatis
1815 1785 1833 1812 ,
1871 1756 1966 1801 aut
1982 1745 2211 1821 alicujus
2244 1805 2247 1808 ,
2328 1781 2331 1782 ⁷

163 1819 253 1877 rei
283 1819 491 1879 similis
507 1842 527 1888 ς
571 1818 642 1878 de
673 1836 741 1878 ea
764 1817 1001 1878 libenter
1037 1833 1169 1876 cum
1202 1834 1276 1875 eo
1306 1832 1533 1890 agamus
1567 1858 1585 1887 ,
1621 1816 1802 1876 studio
1834 1820 1951 1895 ejus
1984 1839 2211 1881 morem

206 1913 462 1955 eramuS.
1696 1909 1703 1916 ’
1740 1919 1744 1924 ·

166 1909 207 1972 g
252 1971 609 2047 significanda
640 1991 754 2049 erga
785 1972 893 2029 illos
900 1969 1036 2106 tfari
1066 1969 1365 2050 voluntate]
1405 1969 1481 2029 fic
1510 1971 1663 2030 enim
1692 1971 2053 2032 confirmatur
2069 1974 2214 2036 ami-

173 2047 312 2107 citia
331 2091 349 2117 ,
393 2049 749 2127 efficiturque
778 2066 898 2125 quo
970 2047 1044 2106 est
1074 2047 1134 2106 in
1168 2045 1416 2106 amicitia
1448 2060 1714 2107 mutuum
1750 2091 1768 2118 ‚
1808 2066 1937 2108 cum
1972 2068 2068 2125 par
2102 2069 2211 2109 vo·

169 2124 363 2184 luntas
396 2125 674 2203 accipitur
702 2127 762 2183 &
791 2123 1071 2190 redditur;
1111 2134 1174 2180 ut
1207 2122 1284 2179 est
1318 2124 1581 2200 ep.3‚.lib.
1602 2125 1799 2199 5.fam.
1838 2129 2210 2204 Quamquam

165 2200 267 2273 hic
300 2221 428 2262 non
468 2216 587 2263 tam
621 2202 814 2271 reddi,
853 2218 1024 2278 quam
1055 2197 1345 2275 significari
1375 2212 1640 2277 oportere
1670 2203 1747 2271 ait
1766 2245 1782 2272 ,
1821 2202 1979 2281 quod
1997 2204 2110 2266 hoc
2141 2206 2213 2267 ad

164 2279 414 2353 praesens
459 2291 680 2356 tempus
714 2279 835 2338 satis
870 2276 978 2336 effe
1011 2277 1286 2349 videatur.
1956 2326 1963 2331 ,
2204 2292 2209 2307 ·

250 2356 596 2427 Λάάκιςπάα
626 2356 855 2415 amicitia
887 2354 943 2421 in
963 2353 1131 2431 spem]
1172 2355 1353 2427 potest
1382 2350 1490 2410 effe
1524 2353 1669 2413 inter
1698 2357 1912 2431 aliquos
1928 2358 2208 2427 amicitia:
2238 2362 2251 2387 ’“

168 2448 290 2503 non
319 2444 530 2492 autem
567 2432 939 2491 familiaritas:
974 2429 1278 2503 jucundior
1310 2440 1501 2512 tamen
1535 2428 1596 2493 fit
1626 2431 1997 2490 familiaritate
2016 2437 2212 2493 amici-1·

167 2509 265 2573 tia.
308 2511 445 2569 Cic.
478 2495 590 2585 prci
613 2524 743 2581 rege
772 2505 970 2579 Dejot.
1009 2506 1246 2577 Quocum
1278 2502 1405 2560 mihz
1437 2504 1719 2562 amicitiam
1749 2508 1867 2583 resp
1885 2509 2169 2567 conciliavit
2192 2555 2211 2582 ‚

170 2583 274 2660 hos
287 2587 458 2646 itiam
491 2586 739 2644 voluntas
768 2578 1029 2656 utriusque
1045 2579 1314 2654 conjunxit
1332 2622 1348 2647 ,
1371 2579 1799 2650 familiaritatem
1817 2584 2110 2659 consuetudo
2125 2603 2214 2643 at„

176 2676 201 2720 t
267 2666 321 2721 ἰ.
357 2664 493 2739 ¹Hic
523 2681 643 2721 non
678 2657 1027 2729 diflimulabo
1062 2654 1169 2714 effe
1203 2657 1263 2714 in
1294 2655 1500 2731 scriptis
1530 2657 1808 2733 inspeciem
1846 2676 1861 2717 ι
1901 2661 2056 2736 quod
2088 2680 2207 2724 non

219 2751 323 2797 uto
358 2737 478 2800 effe
511 2737 754 2799 omnino
787 2731 1172 2810 rejiciendum.
1249 2733 1403 2791 Nam
1434 2733 1492 2792 in
1524 2735 1629 2792 hac
1661 2746 1781 2793 tota
1797 2736 2048 2805 ratione,
2088 2754 2214 2800 non'

177 2755 301 2874 Fam
337 2836 427 2876 res
461 2817 574 2892 ipsa
605 2816 637 2873 s
666 2812 878 2872 cecatur
911 2852 929 2878 ‚
967 2809 1376 2894 quamspecies
1407 2812 1467 2868 δε
1497 2811 1896 2875 demonstratio
1927 2814 2211 2893 quaedam.

178 2890 326 2961 Ideo
356 2905 494 2953 ante
512 2935 530 2962 ‚
658 2890 862 2968 speciem
893 2887 1114 2948 homines
1141 2884 1369 2957 illustres.

239 2975 459 3048 ·Atque
492 2971 549 3027 in
573 2968 652 3040 lois
681 2964 915 3033 omnibus
934 2961 1219 3041 generibus]
1262 2963 1545 3023 conclusio
1577 2982 1708 3025 cum
1726 2977 2010 3043 praecepto
2031 3011 2047 3038 ,
2064 2986 2219 3045 quo-r·

184 3044 374 3113 modo
410 3063 542 3105 cum
577 3055 695 3104 tam
726 3041 890 3099 variis
920 3040 1236 3098 amicorum
1268 3041 1559 3114 generibus
1589 3044 1866 3117 agendum
1903 3044 1982 3110 fit.

265 3122 526 3191 Judicato
555 3139 622 3185 ω’
642 3117 952 3197 perpendito]
991 3113 1135 3174 ordo
1167 3116 1390 3174 videtur
1422 3120 1677 3192 exigere,
1718 3132 1781 3177 ut
1810 3121 1958 3195 prius
1976 3139 2213 3196 perpen-

186 3196 430 3268 damm,
470 3197 674 3257 deinde
691 3195 1040 3273 judicemus:
1078 3191 1174 3252 sed
1206 3191 1432 3250 defendi
1465 3194 1539 3252 fic
1568 3195 1778 3269 potest,
1818 3207 1881 3255 ut
1888 3197 2210 3271 judicemus

189 3271 333 3348 quid
361 3275 593 3351 quisque
623 3273 785 3349 poffit
803 3312 821 3338 ,
859 3281 985 3328 tum
1015 3268 1423 3345 perpendamus
1458 3271 1518 3331 &
1549 3270 1992 3341 confideren1u3‚
2028 3291 2212 3408 ἐμεω-

188 3359 319 3412 tum
353 3350 490 3424 illud
518 3350 582 3409 fit
617 3392 634 3425 ,
689 3348 1005 3407 multumne
1046 3363 1117 3403 an
1149 3363 1346 3419 parum
1379 3348 1637 3421 petitioni
1672 3349 1871 3412 nostrae
1916 3367 2021 3408 eon
2068 3363 2211 3408 ucat.

190 3424 321 3484 Nifi
352 3428 500 3486 forte
532 3425 780 3485 dicamus
813 3465 831 3492 ,
887 3440 952 3481 ea
985 3420 1094 3481 esse
1125 3432 1427 3499 tamquam
1452 3422 1766 3499 synonyma
1802 3447 1819 3492 ;
1872 3439 1934 3484 ut
1965 3429 2020 3484 in
2055 3444 2103 3501 3.
2139 3427 2212 3485 de

191 3515 337 3637 orait.
378 3523 481 3560 non
509 3519 623 3563 arte
637 3503 819 3580 aliqua
831 3498 1226 3576 perpenditur;
1267 3498 1361 3557 led
1377 3500 1627 3576 quodam
1641 3500 1792 3577 quafi
1808 3504 2039 3561 naturali
2055 3502 2228 3579 sensu⁴

225 3599 262 3638 u
304 3593 499 3639 1catur.
995 3615 1008 3629 ,
1874 3600 1889 3615 i

191 3598 217 3658 J
259 3656 727 3733 ‘Quemadmodum
757 3655 931 3732 cuique
960 3650 1236 3787 ἰτέὲννὶαε]
1275 3670 1463 3728 neque
1495 3656 1647 3714 enim
1681 3656 1939 3715 omnibus
1969 3659 2087 3732 pari
2104 3658 2214 3716 stu-

196 3731 297 3792 dio
331 3731 742 3793 inserviendum
779 3732 888 3790 est:
927 3728 980 3787 se
1048 3728 1205 3807 quod
1227 3729 1389 3803 jubet
1425 3734 1544 3790 Cic.
1578 3733 1634 3788 in
1667 3732 1851 3806 primo
1883 3734 2029 3791 offic.
2061 3750 2121 3791 ut
2155 3737 2213 3792 in

181 3809 500 3890 suscspien'da,
531 3808 725 3880 aeliane
752 3804 1254 3949 animadvertam&
1295 3825 1498 3882 quanta
1513 3806 1602 3867 illa
1622 3828 1694 3866 res
1699 3807 1776 3885 fit
1795 3852 1813 3879 ‚
1851 3829 2010 3891 qaam
2025 3811 2215 3884 afficere

1279 3902 1317 3961 4
2127 3906 2217 3953 v<-
