2514 4438
335 291 478 378 ‘152
577 280 637 354 P
660 302 866 356 Ant„
916 276 1299 353 Manu'rrl
1333 263 2121 347 Comii'niwn'nws

337 398 643 468 adamasse,
681 414 742 457 ut
772 397 1026 457 libentius
1055 394 1337 463 dicerent,
1380 410 1536 470 neque
1564 389 1823 466 opinanti,
1864 406 2034 470 quam
2054 433 2071 461 ,
2108 407 2235 446 nm
2271 390 2397 468 effi-⁸

337 479 524 544 nant&
565 489 627 533 ut
656 493 817 536 exem
826 475 922 548 plis
953 470 1286 544 intelligitur.

417 558 641 629 §Quanta
675 551 936 618 maxima}
978 550 1202 623 antiqua
1235 545 1450 603 locutio
1470 586 1486 612 ,
1524 555 1586 602 ut
1614 541 1683 602 de
1700 551 1922 604 oratore
1935 542 2026 602 lib.
2051 561 2096 602 r.
2132 550 2235 598 Μ.
2264 549 2392 599 Ca-

343 644 394 687 to
424 629 701 707 eloquentia
733 641 887 683 tanta
899 626 1014 698 fuit
1047 666 1065 693 ,
1117 637 1375 701 quantam
1407 619 1495 676 illa
1528 623 1746 695 tempora
1775 636 1932 698 atque
1956 619 2047 676 ina
2076 633 2205 675 atas
2223 620 2397 691 firre

338 705 634 765 maximam
657 704 841 780 potuit.
917 701 1075 758 Dixit
1105 698 1274 755 etiam
1310 696 1493 755 Celsus
1529 738 1546 764 ‚
1585 696 1762 755 bonus
1791 695 2071 756 latinitatis
2097 694 2333 752 auctor
2372 712 2391 750 t

343 789 416 837 Ut
450 797 621 843 tumor
640 822 658 848 ‚
695 792 923 855 quantus
952 773 1214 834 maximus
1244 770 1329 849 effi.
1352 773 1510 848 potest
1528 814 1545 839 ,
1570 771 1628 847 se
1659 774 1898 846 ostendat.
1975 771 2051 829 Et
2080 770 2201 847 ipse
2227 770 2392 828 Bru-

343 865 432 914 tus
463 859 482 915 i
526 858 603 915 fra
679 873 710 912 e
751 898 764 911 .
799 870 886 910 20.
1834 892 1843 898 -

426 876 521 995 seg
546 897 702 989 etic’zm
712 872 1028 1006 aracleam]
1063 925 1286 986 subaudi
1304 968 1324 994 ‚
1351 925 1622 1001 sentiendo.
1652 926 1832 1001 potest
1862 926 2015 986 enim
2047 921 2264 999 aliquis
2283 921 2395 982 be-

347 1026 424 1069 ne
454 1009 651 1067 sentire
681 1048 698 1074 ,
737 1021 843 1063 nec
870 1016 1061 1062 tamen
1091 1001 1404 1079 prudenter.
1436 1001 1592 1079 quod
1624 1002 1907 1080 objectum
1943 1002 2018 1061 est
2050 997 2387 1064 Cicer-ouh

348 1083 503 1163 quafi
535 1126 552 1151 ,
592 1100 721 1140 cum
752 1082 810 1144 in
842 1098 1015 1154 remp.
1050 1083 1266 1156 optime
1301 1078 1468 1139 fuerit
1499 1079 1773 1139 animatus
1807 1122 1825 1150 ,
1864 1078 1919 1138 ei
1964 1084 2158 1138 tamen
2210 1076 2385 1134 male

353 1158 720 1225 consuluerit,
760 1157 888 1233 quia
919 1155 1085 1228 nimis
1119 1155 1315 1214 extulit
1349 1152 1746 1214 oet-avianum.

383 1279 384 1286 ,
431 1243 545 1293 Tua
578 1235 825 1311 virtutes]
867 1233 921 1289 in
952 1228 1274 1291 Bessarionis
1304 1229 1444 1288 libro
1463 1271 1482 1298 ,
1519 1244 1616 1286 tua
1647 1229 2083 1300 virtutis,video
2097 1226 2390 1304 scriptum

357 1310 500 1382 esse,
540 1313 599 1370 ὃς
632 1310 893 1386 conjungi
928 1325 1057 1365 cum
1087 1307 1466 1383 sequentibus:
1506 1320 1565 1364 ut
1585 1306 1681 1376 fit,
1720 1324 1817 1365 tu
1832 1308 2049 1364 virtutis
2062 1325 2236 1362 unm
2271 1305 2413 1361 hoc.-

355 1389 544 1458 Mihi,
571 1399 645 1445 ut
679 1386 859 1445 dicam
894 1383 1050 1463 quod
1082 1383 1256 1442 sentio
1277 1389 1515 1459 ‚neque
1546 1382 1801 1459 scriptura
1816 1397 1976 1442 vetus
1995 1427 2012 1452 ,
2050 1387 2250 1458 neque
2270 1381 2384 1438 im-

356 1464 540 1542 preffis
571 1463 715 1521 libris
747 1474 964 1534 recepta
997 1462 1117 1519 satis
1147 1459 1423 1535 probatur.
1454 1469 1644 1517 vetere
1668 1460 1803 1537 quid
1832 1458 2171 1534 significetur
2189 1500 2208 1527 ‚
2252 1474 2385 1514 non

359 1539 548 1601 video,
582 1556 771 1597 recens
799 1539 1046 1614 primum
1080 1554 1196 1594 non
1232 1546 1378 1593 caret
1406 1533 1710 1610 suspicione
1744 1536 1972 1604 mendi,
2014 1533 2173 1612 quod
2189 1534 2269 1592 ab
2283 1550 2389 1592 an-

362 1617 407 1679 ti
453 1635 518 1673 ua
553 1613 847 1688 discrepat:
887 1611 1085 1674 deinde
1120 1613 1358 1669 occurrit
1386 1611 1584 1670 animo
1617 1611 1883 1688 quiddam
1915 1608 2138 1670 fortafl‘e
2170 1610 2386 1684 proba-

362 1634 538 1749 billius.
568 1688 862 1766 periodum
898 1688 1047 1745 enim
1077 1687 1334 1748 libentius
1363 1688 1437 1744 ita
1470 1687 1859 1747 concluderem
1877 1709 1894 1755 ;
1938 1688 2071 1744 Alia
2100 1689 2284 1744 omnia
2307 1683 2387 1761 sio

363 1767 557 1829 adsunt
575 1809 593 1835 ,
631 1781 692 1830 ut
725 1785 839 1822 cum
858 1762 1068 1842 quolibet
1096 1763 1431 1841 antiquorum
1445 1783 1551 1820 com
1580 1765 1723 1822 arari
1744 1764 1939 1841 poffint.
1981 1771 2094 1820 Tua
2114 1764 2348 1820 virtutes
2364 1803 2384 1829 ‚

365 1843 616 1903 additum
652 1839 867 1901 fortasse
904 1840 1008 1907 est,
1047 1851 1143 1925 ut,
1222 1857 1444 1896 uaenam
1479 1858 1510 1897 e
1556 1855 1647 1898 ent
1679 1841 1950 1917 illa‚quae
1967 1856 2099 1898 cum
2117 1839 2383 1917 quolibet

366 1921 727 1997 antiquorum
761 1933 1067 1991 comparari
1098 1935 1174 1992 po
1215 1928 1350 1984 ent,
1392 1930 1777 1991 exponeretur.

447 2004 610 2055 Grato
638 1996 809 2051 animo
829 2036 845 2062 ‚
884 1992 1167 2069 liberalique
1192 1995 1470 2069 profectum
1491 2035 1509 2062 ,
1592 1992 1843 2051 Laudem
1884 2010 2012 2050 cum
2031 1993 2383 2069 turpitudine

375 2073 667 2145 conjungit
687 2113 704 2138 ,
742 2088 857 2145 quo
890 2068 954 2125 fit
982 2068 1331 2144 reprehensio
1365 2069 1539 2127 tolera
1578 2070 1734 2127 ilior:
1775 2068 1931 2146 quod
1961 2070 2173 2144 ingeffii
2206 2081 2384 2145 atque

369 2149 497 2205 artis
531 2147 620 2204 est.
697 2147 769 2201 Et
802 2147 859 2215 in
891 2145 1400 2211 cohortationibus,
1438 2157 1781 2221 praeceptum
1814 2146 2104 2204 Ciceronis
2140 2145 2216 2204 est
2245 2147 2306 2203 in
2324 2163 2382 2203 e-

370 2222 561 2299 pistola
594 2221 664 2285 ad
697 2212 1050 2285 Trebonium
1072 2262 1087 2287 ,
1127 2233 1187 2275 ut
1217 2218 1404 2278 laudes
1420 2238 1549 2280 eum
1571 2264 1587 2290 ‚
1605 2241 1776 2298 quem
1806 2224 2114 2280 cohortere.
2152 2221 2228 2279 fic
2243 2222 2385 2280 Bru·

368 2311 459 2357 tus
494 2298 829 2357 Ciceronem
864 2297 1105 2369 primum
1137 2296 1321 2354 laudat
1354 2306 1415 2357 ut
1447 2310 1664 2371 gratum
1698 2300 1757 2357 &
1785 2298 2065 2357 liberalem
2102 2340 2121 2366 ,
2173 2297 2386 2357 deinde

373 2373 728 2451 reprehendit
759 2384 821 2430 ut
854 2372 1035 2430 minus
1069 2384 1293 2430 cautum
1313 2414 1330 2439 ,
1368 2389 1473 2431 nec
1504 2373 1624 2432 satis
1652 2375 1711 2432 in
1742 2374 2043 2433 tribuendis
2069 2375 2380 2433 honoribus

378 2452 752 2511 moderatum.
786 2468 917 2509 nam
949 2467 1014 2506 ex
1051 2448 1337 2507 Ciceronis
1367 2448 1633 2510 sententia
1666 2451 1878 2509 senatus
1909 2451 1970 2509 8<
1995 2450 2216 2509 lictores
2253 2493 2274 2518 ,
2325 2450 2389 2507 &t

380 2542 564 2592 cetera
597 2526 814 2603 imperii
847 2538 1173 2583 ornamenta
1194 2568 1212 2594 ,
1252 2543 1466 2591 nomen
1500 2528 1852 2602 propraetoris
1884 2569 1903 2596 ,
1942 2524 2276 2602 dignitatem
2309 2527 2386 2584 se·

377 2606 654 2669 natoriam
677 2647 694 2674 ,
733 2602 1017 2661 sententiae
1049 2602 1313 2676 praetorio
1344 2603 1473 2661 loco
1505 2602 1754 2662 dicendae
1773 2602 2097 2679 potestatem
2116 2602 2385 2661 oetavia-

380 2701 461 2741 no
490 2683 839 2739 decreverat:
882 2677 1000 2752 post
1034 2678 1323 2736 victoriam
1355 2690 1544 2737 autem
1577 2679 1953 2738 Mutinensem
1984 2680 2389 2756 quinquaginta

343 2824 347 2833 p
380 2758 600 2817 dierum
632 2755 1066 2830 supplicationes,
1103 2753 1402 2828 Philippica
1433 2772 1485 2813 v.
1520 2756 1578 2813 &
1611 2772 1737 2813 x1v.
1771 2758 1829 2814 &
1859 2755 2197 2814 Plutarchus.

462 2833 702 2908 Exemplo
720 2872 738 2892 ,
773 2845 869 2885 aut
887 2827 1130 2907 prasidio]
1167 2843 1468 2906 utrumque
1498 2832 1729 2891 refertur
1756 2831 1827 2896 ad
1855 2829 1989 2889 illud
2022 2874 2038 2899 ,
2062 2830 2075 2837 ”
2095 2832 2232 2888 male
2262 2828 2382 2907 eogi-

384 2908 648 2972 tantibus:
691 2917 751 2962 ut
779 2919 966 2963 tamen
987 2946 1003 2972 ‚
1043 2905 1175 2961 male
1201 2906 1526 2980 cogitantibus
1546 2948 1564 2973 ‚
1600 2908 1857 2982 ambigue
1891 2905 2103 2967 dietum
2137 2906 2239 2975 fit,
2274 2909 2386 2966 hoc

383 2983 539 3042 sensu
571 3003 587 3041 ι
626 2981 862 3056 ΕΙκενηΡὶο
897 3024 913 3049 ,
955 2982 1098 3039 male
1133 2982 1498 3055 cogitantibus
1527 2983 1590 3041 iis
1624 3026 1640 3051 ,
1678 2985 1775 3059 qui
1810 3001 1939 3041 cum
1969 2982 2084 3042 dari
2115 2983 2329 3059 aliquid
2356 3000 2387 3039 a

385 3059 612 3126 senatu,
653 3069 844 3114 contra
874 3075 1041 3132 quam
1073 3056 1279 3131 legibus
1312 3062 1370 3116 ὃς
1404 3075 1562 3117 more
1582 3060 1858 3135 majorum
1875 3059 2034 3118 liceat
2054 3058 2388 3129 ,videi-unt,

385 3133 610 3194 incendi
644 3133 802 3192 facile
832 3131 1087 3208 possunt,
1124 3145 1187 3189 ut
1220 3132 1416 3197 eadem
1450 3136 1867 3210 concupiscant:
1910 3135 2391 3215 Praefidio,ei,qui

391 3212 606 3286 accepit
636 3228 669 3268 a
698 3209 886 3270 senatu
906 3252 922 3278 ,
963 3209 1105 3271 male
1141 3210 1421 3283 cogitanti.
1636 3220 1639 3225 ⁴

469 3294 650 3365 Itaque
678 3286 824 3341 timeo
840 3287 971 3364 wa]
1012 3284 1186 3343 sensus
1219 3286 1310 3343 hic
1341 3285 1430 3344 est.
1467 3304 1597 3347 cum
1631 3288 1813 3349 vestris
1844 3287 2074 3347 decretis
2105 3288 2391 3346 honorem

431 3363 745 3438 ropraetoris
775 3374 966 3425 contra
997 3361 1143 3435 leges
1174 3362 1422 3420 habuerit
1438 3384 1458 3429 ;
1498 3380 1696 3422 vereor
1726 3381 1799 3425 ne
1829 3376 1987 3439 putet
2016 3365 2070 3422 se
2100 3364 2263 3422 altius
2297 3361 2393 3429 ad-

386 3381 652 3509 {cendifl'e
671 3481 689 3506 ‚
729 3453 856 3499 cum
886 3436 958 3499 ad
982 3436 1084 3497 hos
1119 3437 1573 3496 extraordinarios
1604 3440 1845 3499 honores
1862 3439 2139 3500 adscendit
2159 3481 2177 3507 ‚
2215 3456 2390 3517 quam

392 3515 459 3586 stt
488 3513 863 3581 adscensurus,
903 3511 942 3569 fi
972 3512 1099 3570 inde
1130 3511 1199 3571 ad
1233 3514 1576 3575 consulatum
1608 3515 1961 3580 adscenderit.
1992 3517 2110 3592 plus
2146 3517 2304 3579 enim
2323 3513 2394 3576 est

392 3592 466 3657 eit
498 3593 718 3672 privato
742 3590 872 3647 loco
902 3587 971 3647 ad
1001 3591 1325 3665 praetorium
1357 3589 1683 3651 adscendere
1704 3636 1721 3662 ‚
1757 3611 1927 3671 quam
1958 3611 2026 3653 ex
2043 3592 2313 3669 praetorio
2329 3589 2396 3649 ad

395 3669 738 3725 consularem
757 3688 774 3732 ;
817 3682 945 3725 cum
975 3665 1277 3738 praesertim
1311 3665 1582 3726 octavius
1613 3686 1822 3728 annum
1856 3680 2043 3743 ageret
2074 3685 2185 3727 x1x
2205 3710 2223 3736 ‚
2265 3683 2390 3725 cum

436 3753 699 3810 ‚raetorum
726 3744 849 3818 jura
883 3738 1204 3799 consecutus
1237 3742 1328 3800 est.
1361 3743 1539 3803 timeo
1559 3785 1576 3812 ,
1615 3745 1796 3822 inquit
1815 3788 1832 3814 ,
1873 3765 1945 3804 ne
1978 3745 2096 3820 plus
2124 3753 2286 3819 putet
2318 3741 2396 3802 es-

394 3760 454 3885 {e
470 3858 490 3890 a
526 3817 682 3902 quod
704 3819 826 3899 jam
853 3816 1052 3887 habet,
1090 3834 1264 3900 quam
1296 3818 1453 3905 quod
1479 3820 1799 3890 habendum
1828 3821 2021 3893 testam
2058 3820 2307 3899 ideoque
2338 3818 2395 3879 in

387 3954 392 3963 ·
438 3954 454 3963 .
1331 3934 1338 3943 ·
2260 3911 2393 3963 con-
