2514 4438
442 269 542 320 m
588 241 695 347 Q
733 245 932 321 Cro.
982 269 1100 320 nr:
1147 244 1468 319 Pri-rvr.
1517 242 1914 320 Consum?
2074 245 2216 350 287

205 362 365 421 vium
394 359 829 429 Romanorum3
873 362 1265 429 Senatorium,
1303 360 1630 438 Equestrem
1662 403 1680 440 ‚
1718 360 2023 439 Plebejum.
2060 437 2065 440 Ὗ
2094 361 2215 420 Pri-

159 470 170 476 ·
199 443 363 496 inum
399 437 693 498 Senatbfes
723 437 923 516 ponit;
962 438 1095 516 quia
1123 435 1269 516 ordo
1301 438 1393 497 ille
1423 436 1782 512 ampliffimus
1810 439 1876 504 ac
1890 438 2135 516 summus
2150 439 2212 498 in

186 514 337 572 ‘urbe
371 526 525 573 erat:
563 515 808 593 ideoque
842 513 978 573 dicit
996 557 1014 584 ‚
1051 528 1173 572 ante
1205 513 1366 572 oculos
1394 515 1460 589 est
1477 534 1492 573 :
1508 583 1513 588 .
1532 525 1655 572 tum
1689 511 1937 592 equites:
1976 503 2212 594 demum

195 601 420 650 ceteros
451 592 714 651 homines
746 610 816 652 ex
846 590 1025 667 plebe.
1352 639 1357 644 .
2074 639 2077 642 i

185 673 193 680 '
281 674 587 726 Ceterorum
614 664 1051 747 hominum]xetfi
1076 685 1278 729 omnes
1305 666 1431 727 libri
1460 665 1534 726 fic
1563 664 1772 727 habent
1789 708 1806 735 ,
1846 678 2038 726 tamen
2053 666 2221 746 suspi-

99 777 100 782 κ
201 759 307 803 cor
337 743 638 829 legendum
655 764 692 815 ‚'
713 760 985 803 ceterorum
1016 747 1273 804 ordinum.
1311 745 1465 804 Nam
1496 742 1586 802 illa
1612 739 1873 819 repetitio
1891 786 1910 813 ,
1947 749 2222 804 ceterorum

205 815 481 878 hommum
497 863 514 890 ,
555 840 723 879 navos
750 821 973 879 homines
991 863 1008 890 ,
1047 813 1239 880 insulsa
1272 821 1364 879 est.
1441 820 1649 898 Neque
1678 837 1899 878 novum
1930 819 2184 879 videatur
2199 864 2222 892 ,

210 910 348 954 cum
380 895 678 959 dixerimus
712 941 731 968 ‚
767 907 877 957 tres
907 895 1066 955 fuiffe
1097 897 1321 957 ordines
1349 893 1559 956 Romae
1591 938 1609 966 ‚
1646 895 1835 973 pofitis
1870 894 2086 955 duobus
2101 938 2121 966 ,
2160 899 2222 956 in

206 970 380 1028 'tertio
414 971 599 1033 dicere
618 1016 637 1043 ‚
659 989 946 1034 „ceterorum
978 974 1233 1031 ordinum.
1312 972 1601 1051 Siquidem
1633 973 1694 1032 in
1722 971 1835 1048 ipsa
1862 971 2024 1058 plebe
2044 1015 2062 1042 ,
2099 990 2223 1033 non

206 1059 354 1105 unus
389 1061 508 1108 erat
535 1051 842 1109 hominum
875 1049 1018 1109 ordo
1035 1093 1055 1119 ‚
1093 1050 1152 1109 id
1182 1050 1257 1108 est
1275 1094 1292 1119 ‚
1330 1049 1527 1124 gradus
1542 1049 1639 1107 seu
1655 1041 1917 1120 condicio
1934 1090 1953 1117 ‚
1990 1047 2084 1108 sed
2097 1048 2221 1125 plu-

204 1138 312 1181 res.
391 1123 459 1183 In
492 1127 732 1203 antiquis
765 1127 1151 1185 monumentis
1182 1127 1483 1202 appellatur
1515 1123 1659 1184 ordo
1688 1124 1983 1183 scribarum
2017 1166 2035 1194 ‚
2075 1124 2221 1184 ordo

202 1215 544 1275 praeconum
578 1203 639 1263 8<
669 1204 948 1262 viatorum
972 1245 989 1271 ,
1029 1203 1283 1279 itemque
1316 1202 1423 1261 alii.
1495 1200 1763 1279 Denique
1794 1199 1868 1258 fic
1895 1200 2116 1261 locutus
2131 1201 2224 1272 *est

210 1274 421 1335 Cicero
451 1295 555 1352 pro
588 1276 817 1337 Rabirio
847 1277 1091 1354 perduel.
1125 1285 1262 1337 reo:
1303 1269 1427 1356 quid
1455 1277 1514 1334 de
1544 1299 1569 1335 e
1605 1276 1793 1334 uiribus
1824 1265 2070 1334 Romanis
2093 1278 2226 1346 dice-

208 1370 330 1420 mus
348 1394 366 1421 ,
405 1354 494 1431 qui
525 1369 642 1412 tum
672 1374 783 1412 una
814 1353 1353 1431 cumsenatusalutem
1368 1354 1484 1431 reip.
1578 1354 1828 1411 cuderunt
1845 1353 1871 1411 ἓ
1888 1420 1892 1424 ⁴
1909 1352 2109 1431 quidde
2123 1356 2225 1411 ιη’-

209 1419 361 1484 bunis
395 1430 579 1487 aerariis
608 1445 977 1517 ceterorumque
1005 1427 1244 1489 ordinum
1277 1429 1563 1487 hominibus
1585 1429 1609 1487 ?
1644 1430 1720 1488 Et
1748 1446 1850 1505 pro
1879 1427 2004 1504 lege
2032 1429 2226 1489 Mani-

204 1499 318 1562 lia:
358 1505 629 1565 Publicani
648 1506 781 1582 suas
809 1522 1026 1564 ramnes
1060 1508 1121 1564 δε
1153 1507 1340 1581 copias
1366 1507 1426 1564 in
1459 1510 1586 1564 eam
1603 1506 1951 1582 provinciam
1972 1508 2228 1565 contule-

210 1590 344 1638 runt
374 1603 394 1649 ;
436 1580 640 1642 deinde
672 1584 865 1642 ceteris
898 1601 966 1641 ex
1000 1581 1285 1642 ordinibus
1319 1626 1337 1654 ‚
1392 1582 1657 1654 homines
1687 1583 1819 1641 navi
1848 1582 1913 1646 ὅ(
1961 1580 2226 1640 industrii.

214 1653 525 1794 Haecdgtuum
545 1660 667 1737 Jam
697 1659 916 1736 pridem
948 1656 1302 1735 scripfiffem,
1339 1658 1458 1718 vidi
1488 1656 1565 1716 fic
1598 1659 1770 1719 etiam
1799 1677 1834 1718 a
1864 1657 2150 1718 Lambino
2166 1676 2235 1718 e·.

216 1743 354 1791 men
491 1754 567 1794 m.

300 1811 487 1869 Νάνας
516 1813 740 1872 homines
773 1831 841 1877 (α’
865 1812 1133 1901 gratiofhq]
1172 1831 1292 1873 non
1323 1811 1546 1892 quosvis
1580 1854 1599 1881 ,
1638 1809 1733 1870 sed
1761 1828 1947 1869 navos
1969 1851 2010 1896 ,ι
2026 1809 2086 1869 id
2116 1809 2230 1882 est,
2316 1833 2323 1839 ·
2413 1820 2419 1826 “

213 1885 541 1956 industrios;
586 1891 647 1948 &
673 1892 937 1966 gratiosos
955 1934 975 1961 ,
1014 1909 1113 1969 qui
1141 1889 1316 1965 gratia
1348 1888 1584 1950 valeant.
1664 1896 1852 1945 Navos
1887 1926 1906 1955 ,
1942 1888 2071 1946 alias
2092 1907 2228 1963 gna·

215 1975 330 2019 vos.
368 1962 517 2023 Vide
551 1964 789 2026 Festum.

256 2040 649 2175 deompleti-ere]
690 2044 861 2104 mirus
891 2044 967 2103 est
996 2043 1057 2103 in
1088 2041 1373 2103 variando.
1413 2035 1762 2118 G'bmpleft‘ere.
1796 2038 1894 2099 Ad
1920 2039 2230 2098 amicitiam

219 2130 254 2172 a
282 2114 493 2190 junge:
554 2136 718 2178 ume:
759 2120 919 2179 habe.

298 2193 469 2252 Multi
493 2194 716 2254 homines
745 2196 977 2333 urbanill'
1013 2195 1141 2257 alias
1176 2239 1194 2267 ‚
1230 2189 1493 2269 homines
1520 2190 1714 2254 urbani
1743 2186 1867 2253 sunt
1899 2185 2032 2253 culti
2063 2236 2082 2264 ,
2118 2185 2235 2254 ele·

218 2279 413 2342 gantes
430 2312 448 2340 ,
485 2273 717 2347 politici.
791 2274 909 2333 Hic
976 2277 1197 2334 omines
1229 2272 1302 2331 de
1333 2272 1493 2349 plebe
1521 2272 1759 2337 urbana3
1803 2262 1991 2348 quales
2024 2279 2238 2329 merca-

217 2352 372 2403 tores
391 2387 409 2414 ,
448 2347 682 2408 artifices
701 2391 717 2418 ,
755 2350 1030 2420 libertini,
1051 2352 1112 2408 &
1143 2349 1343 2409 ssmiles
1360 2371 1378 2414 ;
1399 2348 1499 2425 qui
1532 2349 1591 2406 in
1621 2346 1866 2404 tribubus
1896 2349 2112 2404 urbanis
2126 2347 2239 2404 suf-

221 2421 465 2496 fragium
494 2425 743 2484 ferebant
761 2467 779 2494 ‚
817 2443 949 2502 quae
982 2437 1136 2484 erant
1165 2428 1352 2484 minus
1384 2423 1629 2482 honestae
1645 2438 1816 2497 quam
1833 2421 2062 2479 rusticae.
2094 2422 2257 2482 Plin.

223 2496 316 2556 lib.
357 2498 449 2568 18,
483 2516 598 2575 cap.
635 2509 685 2577 3.
761 2500 856 2559 De
885 2503 969 2561 his
989 2498 1221 2569 Livius,
1259 2501 1352 2559 lib.
1380 2519 1436 2572 43
1471 2501 1548 2575 Q.
1568 2497 1764 2556 Fabius
1793 2515 2029 2557 omnem
2050 2499 2237 2557 foren-

220 2571 341 2633 stem
372 2575 591 2634 turbam
633 2586 915 2636 excretam
943 2578 1007 2637 ,in
1039 2588 1308 2654 quattuor
1338 2577 1507 2634 tribus
1542 2574 1785 2650 conjecit
1818 2616 1836 2642 ‚
1892 2575 2236 2656 urbanasque

223 2666 316 2708 eas
345 2652 658 2726 appellavit.
714 2652 781 2712 In
808 2655 904 2713 has
937 2655 1110 2715 etiam
1139 2650 1440 2730 aliquando
1473 2650 1714 2711 libertini
1741 2648 1949 2708 redaffi
1978 2650 2135 2710 sunt:
2175 2664 2240 2710 ut

223 2726 477 2802 epitoma
508 2745 598 2788 20.
629 2729 804 2790 Livii.

301 2803 469 2861 Multi
496 2804 742 2885 libertini]
784 2806 882 2865 etfi
913 2824 1033 2867 non
1064 2806 1352 2883 optimum
1386 2805 1467 2864 ‘us
1501 2804 1558 2862 in
1592 2796 1819 2864 civitate
1848 2796 2121 2864 habebant
2142 2816 2238 2877 :ur

223 2878 327 2964 qui
347 2880 417 2938 in
448 2892 712 2957 quattuor
741 2883 986 2947 tribubus
1017 2883 1235 2945 urbanis
1252 2898 1355 2940 cen
1380 2894 1602 2939 crentur
1620 2925 1638 2952 ‚
1716 2882 1834 2940 uod
1848 2881 2036 2941 frustra
2051 2884 2109 2939 in
2126 2880 2239 2938 rus-

225 2965 363 3013 ticas
396 2958 632 3032 migrare
655 2958 803 3035 saepe
836 2958 1166 3027 tentaffent;
1205 2969 1399 3017 tamen
1431 2956 1473 3015 fi
1502 2957 1603 3034 qui
1636 2978 1668 3018 e
1713 2969 1808 3018 ent
1833 2956 2241 3034 gratiosi&in-

223 3022 413 3090 dustrii
447 3074 465 3101 ,
503 3034 545 3092 ii
575 3045 831 3110 poterant
862 3031 1131 3112 prodeffe.

306 3116 374 3164 In
391 3111 509 3181 fbro
541 3122 764 3190 namque
797 3112 1120 3192 versantur]
1143 3124 1206 3172 ut
1234 3110 1424 3171 scribae
1444 3153 1463 3180 ‚
1504 3120 1841 3169 mercatores
1874 3152 1892 3179 ‚
1931 3111 2198 3169 institores
2219 3151 2237 3179 ,

224 3187 551 3257 argentarii,
593 3189 1007 3276 magistratuum
1038 3189 1394 3266 apparitores.
1429 3185 1524 3246 De
1542 3187 1740 3266 quibus
1757 3185 1886 3245 vide
1903 3186 2029 3246 Car.
2047 3187 2239 3261 Sigon.
2332 3220 2339 3230 ·

226 3255 322 3316 lib.
359 3277 409 3335 2.
442 3261 511 3319 de
533 3264 660 3338 jure
688 3267 899 3325 civium
937 3267 1350 3325 Romanorum.
1710 3334 1719 3341 ,

310 3342 457 3392 Nam
495 3341 580 3418 ue]
621 3350 820 3403 omnes
851 3341 1091 3417 impreffi
1123 3342 1200 3401 ita
1226 3337 1467 3402 habent:
1505 3341 1731 3417 scriptus
1746 3382 1765 3411 ,
1804 3340 2063 3419 naviqtaei
2084 3332 2241 3417 quod

226 3424 352 3472 non
385 3358 746 3476 dussitandum
782 3419 891 3488 est,
932 3421 1068 3496 quin
1098 3419 1316 3478 rectum
1346 3417 1429 3477 fit.

309 3490 454 3563 ,ὄρρος
475 3503 566 3565 per
597 3495 671 3572 te]
711 3494 823 3552 fine
857 3496 1075 3553 alterius
1106 3513 1293 3570 opera.

309 3574 408 3621 Per
438 3585 722 3627 communes
750 3570 1066 3707 amicoflhut
1096 3589 1195 3647 per
1226 3572 1485 3632 Atticum
1510 3571 1631 3649 jam
1659 3573 1794 3632 alios
1830 3569 2125 3630 conciliare
2141 3567 2240 3632 fibi

232 3639 471 3709 studuit;
513 3643 582 3700 ad
598 3662 770 3721 quem
788 3648 939 3706 sunt'
1032 3691 1049 3714 ,
1087 3647 1177 3707 lib.
1195 3649 1419 3727 primo,
1459 3649 1684 3724 epistola
1700 3651 1910 3725 prima:
1954 3646 2104 3704 Illam
2121 3666 2239 3702 ma·

230 3729 365 3803 nuni
393 3732 456 3804 ru
487 3719 619 3776 mihi
649 3741 771 3779 cura
792 3765 810 3791 ‚
849 3740 910 3781 ut
932 3725 1135 3801 prastes.
1174 3724 1248 3782 Et
1282 3742 1367 3799 ep.
1383 3742 1436 3783 2.
1475 3726 1573 3781 Ad
1582 3746 1755 3789 eorum
1776 3725 2098 3789 voluntatem
2110 3720 2242 3781 mihi

230 3795 600 3880 &culmem
618 3839 638 3870 .
661 3799 910 3885 -maqujmg
939 3816 987 3884 τε
1018 3802 1148 3863 mihi
1174 3799 1291 3880 usui
1301 3804 1419 3876 βπ
1450 3801 1614 3885 :vid‘vs
1764 3870 1771 3877 .
1804 3805 1838 3879 Γ
1988 3856 2003 3879 x
2142 3873 2187 3935 1,
2238 3838 2245 3843 ·

2070 3894 2077 3899 .
2186 3890 2243 3951 σε
