2514 4438
333 258 481 356 '134
571 248 1298 334 Pautamefr.
1351 249 2203 340 (10ικυιειτειᾋιπιῑτει
2288 329 2303 336 ,

361 443 366 444 7
410 367 623 447 C‘aefim]
663 369 762 446 qui
793 368 985 427 omnia
1014 365 1201 427 multis
1230 356 1478 432 vietori'is
1509 378 1630 426 tuta
1660 366 1915 429 reddidit.

345 440 352 448 ’
408 444 535 519 Pag.
570 463 694 520 109.
732 444 878 520 §Laid
909 486 929 513 ,
969 441 1026 520 si
1051 446 1387 520 cementum]
1444 444 1683 503 minime
1728 445 1908 521 placet
1935 443 2061 504 haec
2088 444 2176 505 ab
2214 448 2397 515 a&

333 529 406 589 ad
435 530 737 591 aedificium
767 529 939 587 subita
974 527 1237 587 transitio,
1272 544 1379 586 nec
1409 527 1603 587 dubito
1623 570 1641 597 ,
1681 529 1817 605 quin
1845 530 2008 606 hujus
2038 531 2230 606 partis
2253 572 2276 598 ,
2325 530 2393 589 in

331 607 446 683 qua
476 608 546 665 de
573 605 811 683 Quineti
840 606 1018 680 agitur
1047 604 1173 663 villa
1191 647 1209 673 ,
1247 601 1468 662 fortasse
1499 605 1559 663 in
1589 604 1821 664 Laterio
1839 648 1855 673 ‚
1873 605 2095 666 initium
2134 605 2395 665 deside-⁷

331 695 500 742 retur.
528 684 719 759 itaque
748 680 928 740 visum
961 679 1070 748 est,
1105 691 1170 737 ut
1198 681 1304 738 hac
1333 693 1468 739 nota
1503 681 1535 714 ’¹‘
1553 723 1571 749 ,
1610 680 2032 756 quasilacunam
2048 683 2180 743 loci
2198 682 2395 757 figni-·

330 756 564 828 fica'ret,
597 777 628 817 a
657 756 1021 832 superioribus
1048 756 1313 814 inferiora
1342 755 1729 833 disjungerem.

304 831 310 852 ¹
408 835 649 906 Arcano]
695 832 929 908 Quincti
962 831 1170 889 fundo:
1212 831 1417 907 dequo
1448 833 1506 890 in
1538 833 1761 909 epistola
1792 829 1955 908 hujus
1987 832 2112 891 libri
2151 835 2385 920 prima„

410 907 619 986 Casari's
632 911 774 984 opus]
824 908 1134 966 maximum
1168 903 1447 966 videlicet.
1482 908 1773 983 magnifica
1791 909 1942 966 enim
1963 909 2212 968 Caesans
2236 929 2378 969 mo-

331 1000 631 1046 numenta:
671 985 766 1060 qui
802 985 989 1041 forum
1021 983 1191 1058 usque
1223 982 1293 1042 ad
1326 984 1524 1041 atrium
1556 984 1819 1044 libertatis?
1835 985 2108 1060 explicare
2127 1027 2150 1053 ,
2199 986 2376 1046 dein-

330 1061 405 1130 de
437 1065 496 1121 in
519 1078 720 1136 campo
737 1059 948 1119 Martio
978 1058 1127 1134 septa
1157 1060 1218 1116 ὅ(
1244 1059 1389 1117 tecta
1426 1079 1740 1119 marmorea
1776 1060 1955 1119 facere
1973 1063 2371 1136 cogitaverit:

332 1149 397 1207 ut
427 1139 500 1196 est
530 1137 600 1198 ad
630 1136 886 1194 Atticum
917 1153 1007 1208 ep.
1048 1135 1248 1207 17.l.4.
1279 1135 1513 1210 legimus
1548 1138 1723 1195 etiam
1740 1134 1885 1211 apud
1904 1137 2372 1215 Tranquillum,

330 1213 506 1272 Italiae
524 1257 539 1280 ,
583 1213 883 1270 Galliarum
903 1253 919 1280 ,
959 1209 1350 1285 Hispaniarum
1370 1254 1387 1279 ,
1425 1211 1575 1270 Afiae
1603 1230 1873 1290 quoque,
1906 1215 1965 1271 δι
1984 1216 2246 1275 Graeciae
2264 1234 2374 1290 po⁴

329 1290 652 1349 tentiffimas
682 1289 841 1347 urbes
868 1330 886 1357 ,
943 1288 1083 1364 ejus.
1104 1287 1483 1350 munificentia
1512 1325 1538 1358 ,-
1569 1289 1859 1364 praecipuis
1889 1291 2171 1365 operibus
2192 1311 2377 1352 exors

288 1402 294 1409 ·
330 1379 501 1425 natas.
723 1389 726 1398 ¹

311 1487 314 1498 .
412 1439 680 1519 Imagines]
723 1455 856 1518 quas
888 1434 945 1497 in
978 1439 1187 1498 Arcani
1219 1440 1346 1506 villa
1383 1440 1639 1499 constitui
1669 1444 1947 1517 Quinc‘lus
1967 1445 2389 1518 mandaverat„

343 1521 358 1592 f
407 1517 534 1593 Pag.
574 1538 695 1576 110.
734 1513 909 1591 Nilus]
949 1527 1011 1572 ut
1043 1515 1284 1590 opinor,
1322 1517 1499 1591 plures
1529 1517 1775 1589 rivulos,
1812 1521 2180 1582 esalientibus
2198 1524 2363 1598 aquis

329 1594 391 1653 in
424 1596 685 1668 piscinam
722 1591 943 1651 divertis
970 1592 1207 1665 partibus
1241 1591 1584 1651 confluentes
1605 1636 1619 1663 ,
1639 1598 1873 1669 appellat
1894 1598 2089 1655 Nilum
2113 1619 2128 1655 :
2148 1598 2318 1674 quod
2336 1632 2364 1667 ,-

330 1682 394 1741 ut
428 1670 539 1727 hoc
574 1668 785 1727 flumen
816 1665 961 1725 ostiis
994 1666 1200 1742 septem
1238 1666 1464 1741 profluit
1483 1669 1541 1726 in
1576 1687 1764 1741 mare,
1803 1673 1876 1731 fic
1891 1674 2144 1732 salientes
2162 1675 2364 1734 illaein

327 1745 595 1823 piscinam
628 1745 811 1802 rivulis
845 1742 1032 1802 multis
1066 1785 1084 1812 ,
1122 1742 1273 1821 quafi
1304 1761 1501 1819 parvus
1539 1745 1695 1804 Nilus
1730 1790 1750 1817 .,
1806 1751 2157 1824 perveniant.
2208 1752 2357 1809 hanc

331 1840 441 1908 ego
471 1821 848 1898 conjecturam
880 1819 1027 1877 duco
1061 1838 1128 1877 ex
1162 1819 1323 1877 hu'us
1355 1819 1481 1878 libri·
1509 1820 1729 1896 epistola
1770 1844 1823 1882 Ι,
1843 1827 1901 1884 in
1934 1845 2087 1902 qua,
2123 1844 2266 1885 cum
2284 1827 2354 1886 de

329 1898 457 1957 villa
478 1941 495 1966 ,
531 1917 662 1975 quae
692 1911 805 1955 erat
836 1897 893 1954 in
925 1913 1057 1970 agro
1089 1894 1210 1973 Fufi
1249 1896 1379 1953 iano
1401 1939 1426 1964 ,.
1456 1897 1568 1954 hoc
1601 1898 1673 1956 est
1702 1900 1759 1956 in
1774 1901 2003 1975 Arcano
2041 1904 2348 1961 meminit:

329 1973 479 2048 (jam
514 1976 664 2035 enim
685 2016 710 2041 ,.
747 1972 986 2031 fundum
1021 1970 1378 2046 Fufidianum
1405 1973 1461 2032 in
1480 1973 1706 2032 Arcano
1740 1975 1935 2047 fuiffe,
1974 1978 2346 2055 ostendimus)

325 2049 555 2125 piscinas
575 2092 602 2119 ,.
636 2049 1006 2119 &salientem
1046 2049 1108 2103 &
1176 2048 1438 2120 alaestram
1473 2049 1636 2107 iimul
1661 2052 1933 2113 nominat.
2013 2057 2135 2114 Nili
2171 2058 2343 2116 etiam

327 2125 685 2184 mentionem
719 2125 850 2181 facit
879 2124 969 2181 lib.
1008 2141 1094 2179 11.
1151 2142 1196 2198 re
1227 2123 1437 2196 legibus
1468 2125 1526 2183 in
1563 2129 1862 2199 prooemiO.

404 2201 792 2257 Philotimorum
818 2199 918 2271 est,
956 2216 1058 2255 non
1091 2197 1438 2287 Diphilorum]
1493 2200 1833 2277 diligentiam
1862 2199 2152 2268 Philotimi
2189 2253 2209 2280 ,
2249 2228 2346 2269 ne-

323 2277 656 2352 gligentiam.
679 2272 895 2354 Diphili
929 2271 1205 2355 fignificat.
1234 2275 1381 2344 hoc,
1422 2279 1601 2354 lnquit
1619 2318 1651 2347 ,‹
1674 2279 1890 2357 Diphili
1908 2286 2206 2360 negotium
2224 2306 2340 2345 non

327 2348 436 2421 est,
474 2353 568 2411 sed
594 2351 914 2421 Philotimi;
957 2368 1144 2426 neque
1171 2366 1311 2409 vero
1344 2352 1506 2411 unius
1523 2354 1842 2427 Philotimi,
1886 2358 1977 2417 sed
2011 2362 2349 2431 multorum,

324 2429 545 2505 Diphili
576 2427 889 2508 tarditatem
927 2427 1145 2485 notavit
1164 2428 1287 2504 jam
1319 2428 1419 2486 illis
1450 2428 1628 2490 verbis
1661 2453 1673 2490 :
1735 2443 1798 2489 ln
1851 2436 2126 2493 Manliano
2157 2426 2350 2512 offendi

325 2505 597 2583 Diphilum
630 2505 833 2583 Diphilo
863 2504 1153 2561 tardiorem.
1192 2504 1237 2561 is
1269 2504 1327 2562 in
1358 2505 1589 2583 Arcano
1615 2508 1848 2582 Quinc‘ti
1878 2511 2027 2569 v-illas
2060 2516 2287 2572 curabat
2315 2536 2347 2581 p

322 2578 656 2643 Philotimus
687 2594 876 2640 autem
907 2580 1170 2638 urbanam
1216 2582 1620 2656 expolitionem
1652 2585 1894 2660 urgebat.
1928 2587 2084 2664 quod
2118 2602 2338 2653 utrum-

323 2677 440 2743 que
472 2660 533 2718 in
564 2659 761 2718 eadem
798 2677 845 2716 1.
875 2656 1120 2731 epistola,

351 2792 356 2798 ,
405 2743 470 2792 In
499 2736 677 2810 unciis]
718 2733 827 2806 affis
858 2733 1090 2791 nomine
1109 2744 1226 2790 tota
1245 2729 1572 2808 significatur
1605 2736 1902 2797 hereditas.-
1924 2760 2029 2808 as,
2062 2738 2248 2818 qui&
2275 2744 2334 2802 li·

323 2811 457 2878 hta,
496 2809 796 2868 duodecim
831 2808 889 2866 in
921 2818 1134 2883 partes,
1171 2826 1302 2885 quae
1333 2809 1588 2870 dicuntur
1619 2815 1835 2884 unciae,
1875 2815 2156 2876 dividitur.
2191 2821 2341 2878 cluo⁴

322 2886 512 2945 decim
542 2886 706 2961 igitur
735 2896 911 2960 partes
947 2885 1230 2963 bonorum
1259 2885 1484 2946 suorum
1521 2929 1538 2958 ,
1591 2890 1777 2963 postea
1806 2909 1977 2968 quam
2012 2892 2145 2952 esset
2179 2914 2337 2955 mor-

322 2968 451 3020 t‘uus
485 3003 503 3030 ,
541 2959 664 3018 fieri
692 2956 852 3018 Felix,
878 2960 1116 3017 volebat.
1145 2958 1238 3017 sed
1269 3003 1290 3029 ,
1330 2974 1391 3019 ut
1425 2964 1482 3020 in
1517 2968 1828 3043 propinqua
1861 2981 2046 3026 morte
2080 3012 2097 3037 ,
2137 2960 2332 3033 mente

323 3035 665 3113 perturbatus
685 3076 703 3103 ,
742 3035 948 3093 Sicurae
982 3035 1149 3093 etiam
1184 3035 1326 3093 servi
1362 3038 1732 3113 imprudentia
1754 3084 1772 3111 ,
1810 3044 2014 3103 tabulas
2048 3044 2119 3103 de
2154 3049 2345 3106 unciis

321 3114 441 3173 non
477 3111 782 3187 obsignavit
800 3131 822 3168 :.
854 3112 1043 3169 alteras
1063 3154 1079 3179 ,
1120 3111 1283 3169 aliam
1314 3112 1371 3171 in
1388 3110 1750 3187 sententiam,
1790 3119 1890 3178 ase
1907 3122 2346 3198 antea-scriptam,

319 3186 643 3264 obsignavit.
673 3200 806 3267 rat'ae
839 3199 1027 3246 autem
1060 3205 1177 3245 non
1210 3199 1366 3246 erant
1393 3191 1595 3250 tabulae
1625 3195 1935 3254 testamenti
1969 3238 1986 3265 ‚
2043 3215 2175 3274 quae
2209 3218 2330 3260 non

319 3265 494 3333 effent
527 3266 678 3338 ejuS,
717 3266 815 3340 qui
843 3263 1233 3322 testamentum
1268 3266 1507 3335 fecerat,
1544 3270 1714 3328 anulo
1746 3270 2062 3346 obsignatae.

397 3338 756 3413 Firmtffimum
789 3344 1048 3412 tenuerat]
1095 3338 1383 3399 consilium
1414 3342 1547 3402 illud
1578 3343 1653 3404 de
1676 3346 1837 3406 bonis
1864 3349 1971 3407 suis
1987 3348 2047 3409 in
2063 3366 2127 3416 311
2142 3368 2340 3429 Lpare·

319 3428 403 3478 tes
432 3418 574 3476 inter
604 3415 902 3474 coheredes
937 3414 1245 3475 dividendis
1278 3431 1493 3477 mutare
1522 3422 1791 3481 noluerat.
1968 3472 1975 3477 .

361 3532 366 3537 -
396 3493 585 3570 Lapsus
616 3493 683 3565 est
704 3504 793 3577 per
823 3492 1059 3566 errorem]
1104 3493 1306 3550 erravit
1339 3494 1726 3570 imprudentia.
1759 3494 1904 3558 ficin
1923 3500 2164 3563 Tusc.v.
2199 3503 2325 3561 Labi

261 3578 264 3579 ’
317 3589 480 3626 errore
493 3567 757 3646 sermoms.
787 3585 856 3625 ex
879 3566 969 3625 lib.
1006 3583 1055 3652 3..
1086 3563 1157 3624 de
1185 3570 1326 3644 Rep.
1357 3569 1504 3646 apud
1537 3572 1694 3631 Laii.
1728 3574 1817 3632 lib.
1854 3595 1903 3650 ς.
1923 3592 2039 3654 cap.
2061 3598 2145 3655 1-5.
2178 3578 2240 3638 &
2266 3579 2335 3638 in,

321 3648 572 3719 epitome
608 3662 723 3720 cap.
794 3664 847 3703 0.
921 3645 1042 3719 Qui
1072 3655 1166 3700 aut
1199 3660 1399 3705 aurum·
1430 3664 1532 3723 pro
1565 3650 1914 3711 aurichalcho
1946 3695 1965 3724 ,
2003 3667 2100 3714 aut
2131 3671 2322 3733 argen-

318 3730 449 3780 tum*
479 3737 581 3795 pro
614 3723 765 3796 plum
807 3738 843 3778 o
877 3717 1083 3776 vendat
1113 3737 1212 3793 per
1248 3739 1512 3783 errorem.
2338 3754 2347 3759 -

398 3789 858 3931 Avxfzffings'w]
889 3794 1091 3874 jubent
1117 3795 1310 3881 Graeci
1338 3804 1563 3899 οἰμώζω
1597 3819 1692 3866 eos
1724 3842 1758 3876 ,‚
1785 3802 1983 3886 quibus
2016 3808 2166 3874 male
2197 3823 2320 3884 pre·

2113 3906 2320 3962 cantur·
