2514 4438
348 227 496 301 260
713 214 2031 298 Pannnmcommnnunms

426 346 497 395 In
512 338 751 416 petitione
780 351 960 394 autem
987 334 1279 410 consulatus
1295 377 1313 402 ,
1349 346 1589 410 caupones
1617 349 1787 393 omnes
1812 331 1894 389 hic
1926 331 2193 408 compilare
2259 347 2426 408 per-‘-

347 413 533 482 tinent
562 415 689 473 haec
718 413 789 472 ad
821 413 1147 471 Antonium
1180 411 1321 469 item
1341 451 1359 477 ,
1377 421 1438 466 ut
1470 409 1749 484 superiora
1766 430 1783 475 3
1805 426 1924 466 non
1957 407 2029 466 ad
2046 408 2175 467 Cat'
2201 428 2419 478 mam,

351 501 418 548 ut
447 491 517 551 ali
559 491 619 548 ui
646 490 976 558 arbitrantur
1009 511 1026 555 ;
1070 487 1345 565 quoniam
1380 486 1449 544 de
1481 484 1722 543 Catilina
1752 502 1892 543 mox
1928 501 2095 559 agere
2130 486 2208 544 ibi
2239 488 2417 544 inci-

352 567 472 642 pit,
509 510 645 624 Zur
676 578 832 634 vero,
868 565 941 622 dii
968 563 1115 622 bom'!
1153 563 1369 640 objicit
1398 579 1536 619 vero
1556 562 1704 629 ,hoc
1729 560 1861 619 loco
1881 603 1899 629 ,
1918 562 2187 619 Antonio
2210 600 2226 631 ‚
2245 578 2413 622 cum

353 643 755 717 negligentiam
787 643 844 701 in
876 640 1122 717 petendo
1142 681 1159 708 ,
1197 638 1358 715 quod
1388 638 1544 696 obire
1572 637 1913 713 legationem
1944 641 2075 696 tum
2104 639 2412 709 voluerit,⁴

353 734 489 778 cum
520 718 830 794 petendum
867 715 1000 775 effet
1016 730 1177 783 ;tum
1203 715 1513 788 ingluviem
1548 714 1609 772 &
1640 714 1999 789 rapacitatem
2017 715 2273 790 5quippe
2294 717 2413 792 qui

352 794 414 853 in
442 813 508 853 ea
543 795 822 871 legatione
856 810 1175 868 cauponum
1199 833 1217 860 ,
1254 792 1327 849 ad
1353 808 1497 868 quos
1530 789 1828 848 diverterat
1847 789 2032 860 ‚bona
2062 793 2412 867 compilarit

353 886 422 929 ac
452 871 773 948 diripuerit,
813 870 949 929 dum
982 868 1079 927 fibi
1101 910 1118 936 ,
1156 879 1220 924 ut
1248 867 1449 943 populi
1476 868 1651 925 Rom.
1678 867 1863 941 legato
1882 908 1899 933 ,
1917 883 2051 942 quae
2086 868 2266 927 vellet
2289 912 2311 937 ‚
2333 868 2404 926 fi*

352 963 429 1005 ne
458 948 559 1007 suo
587 949 811 1023 sumptu
832 946 1056 1023 juberet
1085 942 1466 1003 administrari.
1542 942 1653 1000 Sed
1683 942 1758 1000 est
1787 943 1845 1000 in
1871 942 1979 1000 hac
2010 952 2133 1001 tota
2152 944 2397 1003 senten-

351 1022 430 1082 tia
449 1066 467 1093 ,
506 1023 664 1102 quod
694 1025 1001 1098 negocium
1032 1017 1253 1081 facefl‘at
1284 1024 1340 1084 τὶ
1364 1020 1443 1077 hic
1460 1042 1481 1087 ;
1519 1017 1676 1095 quod
1708 1036 1892 1096 neque
1922 1018 2262 1080 adverbium
2306 1021 2391 1080 di-

353 1124 482 1167 cere
512 1106 798 1184 poss'umus
830 1150 848 1177 ,
889 1123 1020 1165 cum
1054 1116 1375 1180 opponatur
1407 1104 1584 1163 verbo
1618 1102 1696 1161 illi
1723 1102 1912 1179 adeffe,
1964 1104 2027 1161 &
2068 1097 2207 1162 ideo
2244 1123 2397 1164 con-

350 1186 583 1246 trarium
617 1182 828 1271 aliquid
862 1181 1163 1258 fignificare
1195 1181 1396 1240 debeat
1432 1200 1447 1239 ι
1487 1197 1675 1256 neque
1697 1195 2033 1314 ‘pronomen
2053 1221 2074 1248 ,
2113 1181 2254 1256 quia
2287 1200 2395 1240 ne-

349 1277 467 1337 que
499 1263 744 1320 Antonii
773 1277 990 1319 nomen
1018 1259 1224 1317 referre
1259 1275 1400 1332 opus
1429 1257 1537 1325 est,
1577 1273 1694 1333 quo
1764 1274 1863 1331 per
1891 1255 1948 1314 se
1978 1256 2102 1314 satis
2118 1257 2392 1333 intelligis

352 1349 479 1408 tur,
517 1356 706 1416 neque
738 1337 998 1395 Catilinae
1021 1371 1038 1403 ,-
1077 1334 1149 1391 de
1182 1353 1302 1411 quo
1335 1351 1453 1391 non
1485 1334 1579 1391 hic
1595 1331 1686 1389 sed
1704 1333 1872 1407 paulo
1889 1331 2010 1407 post
2026 1334 2228 1407 agitur.
2267 1335 2391 1392 Ita-

349 1432 466 1490 que
500 1425 631 1483 aut,
668 1426 731 1472 ut
763 1403 878 1471 fine
910 1411 1067 1471 causa
1098 1411 1406 1477 intrusum,
1443 1408 1757 1467 tollendum
1776 1451 1794 1477 ,
1824 1407 2014 1477 aut,fi
2048 1426 2382 1483 pronomen

350 1491 583 1568 aliquod
614 1488 1090 1566 interponendum
1122 1487 1216 1556 fit,
1255 1487 1387 1543 ider&
1421 1486 1606 1561 potius
1633 1503 1805 1560 quam
1835 1485 1915 1541 hic
1934 1485 2381 1545 admittendum.

383 1611 386 1614 ¹
428 1577 530 1625 Per
561 1567 895 1643 turpiffimam
928 1564 1246 1641 legationem]
1288 1581 1491 1623 munus
1517 1562 1808 1636 legationis
1825 1560 1994 1636 perse
2025 1578 2147 1620 non
2166 1563 2244 1620 est
2260 1575 2381 1621 tnr-g

350 1662 443 1720 pe.
521 1644 641 1717 Ipse
674 1644 845 1701 etiam
881 1642 1001 1699 Cic.
1035 1640 1323 1715 petitionis
1354 1640 1467 1697 suae
1498 1655 1649 1697 anno
1669 1679 1686 1706 ,
1724 1638 1824 1714 qui
1851 1638 1960 1697 fuit
1992 1638 2149 1697 idem
2180 1639 2283 1716 qui
2315 1641 2377 1697 δε

349 1721 596 1780 Antonii
619 1759 636 1787 ,
673 1718 728 1777 se
763 1717 833 1778 ad
860 1717 1121 1775 Pisonem
1155 1733 1446 1775 excurrere
1475 1715 1722 1789 legatum
1752 1713 1895 1772 velle
1932 1712 2108 1782 dixit3
2152 1715 2305 1790 epist.
2326 1736 2377 1773 ιι

349 1797 446 1856 lib.
483 1816 530 1855 1.
563 1794 634 1854 ad
663 1795 787 1854 Att.
815 1793 1097 1869 legatione
1130 1794 1399 1851 nimirum
1431 1792 1618 1851 libera.
1698 1791 1782 1849 At
1814 1788 2013 1848 eadem
2046 1810 2133 1849 res
2149 1790 2375 1850 diversis

353 1874 427 1936 de
463 1872 650 1932 cauffis
681 1872 925 1946 suscepta
959 1912 976 1939 ,
1018 1870 1195 1928 modo
1228 1868 1402 1944 turpis
1438 1911 1455 1938 ‚
1495 1869 1676 1929 modo
1704 1866 1933 1926 honesta
1966 1866 2149 1926 videri
2175 1867 2374 1944 potest.-

352 1950 699 2026 Turpiffima
729 1949 895 2023 igitur
924 1947 1167 2008 Antonii
1196 1946 1404 2020 legatio
1420 1966 1439 2013 3
1480 1945 1573 2003 vel
1605 1944 1735 2022 quia
1765 1961 1883 2002 non
1918 1942 2085 2002 aliam
2118 1944 2196 2003 ob
2226 1943 2375 2003 causo·

348 2028 504 2096 sam,
542 2023 645 2085 nifi
678 2036 740 2084 ut
773 2041 1052 2099 caupones
1083 2023 1591 2097 compilaret,eam
1627 2020 1859 2095 suscepit
1878 2040 1892 2078 ι
1911 2019 2102 2095 legatis
2134 2022 2293 2079 enirn
2313 2022 2369 2078 δε

351 2101 750 2177 magistratibus
780 2101 841 2159 P.
878 2102 946 2158 R.
976 2100 1172 2175 procul
1202 2099 1272 2158 ab
1302 2098 1436 2157 urbe
1464 2097 1970 2172 proficiscentibuS,
1988 2097 2256 2173 quaedam
2271 2115 2372 2173 pu-

349 2180 494 2239 blice
525 2178 911 2254 praebebantur
940 2177 1008 2234 ab
1041 2177 1104 2235 iis
1122 2219 1139 2243 ‚
1158 2176 1521 2309 quiifiparocm
1538 2175 1896 2242 dicebantur;
1918 2183 1979 2231 ut
2003 2173 2148 2249 apud
2167 2175 2367 2233 Horata

291 2286 292 2289 ¹
352 2258 463 2315 Sat.
499 2276 548 2331 ς.
579 2256 672 2314 lib.
708 2275 730 2313 1
758 2276 771 2315 :
812 2254 902 2312 vel
937 2253 1068 2330 quia
1098 2253 1243 2327 turp'
1313 2270 1406 2310 me
1438 2252 1592 2311 obita
1621 2251 1718 2310 fit:
1760 2262 1899 2310 orat.
1931 2268 2036 2326 pro
2069 2251 2314 2309 Fonteio
2349 2270 2368 2307 π

349 2332 702 2408 legationibus
720 2330 961 2408 flagitiose
991 2329 1149 2387 obitis.

431 2409 590 2467 Alter
624 2429 746 2465 vero
779 2449 796 2475 ,
834 2408 906 2464 dt't'
937 2407 1084 2464 boni!
1123 2407 1148 2484 ]
1188 2407 1340 2464 Haec
1370 2404 1441 2465 de
1471 2404 1713 2464 Catilina
1739 2404 1852 2464 dici
1882 2405 2029 2464 libris
2058 2404 2315 2464 omnibus
2346 2433 2369 2471 ς

351 2505 498 2564 quos
530 2484 649 2544 vidi
669 2526 686 2553 ‚
727 2485 786 2541 &
817 2483 1140 2542 hominibus
1175 2485 1345 2542 etiam
1366 2525 1384 2551 ,
1412 2500 1557 2559 quos
1590 2479 1699 2541 effe
1730 2483 1948 2558 aliquos
1978 2482 2092 2540 scio
2110 2481 2335 2551 ‚invitis
2353 2517 2370 2547 ‚

352 2561 661 2622 contendo
740 2560 893 2618 Nam
929 2576 1060 2617 cum
1092 2559 1289 2618 ambos
1322 2558 1485 2618 fimul
1516 2557 1863 2634 proposuerit
1882 2601 1901 2627 ,
1940 2559 2003 2617 δε
2035 2576 2173 2619 mox
2194 2558 2368 2616 dictu·

353 2658 445 2699 rus
475 2638 547 2697 de
579 2637 798 2710 singulis
833 2637 1082 2710 coeperit
1099 2647 1307 2703 ,eorum
1336 2635 1549 2692 alterius
1575 2637 1683 2692 δίς.
1722 2645 1891 2712 atque
1908 2653 1972 2693 ea
1989 2635 2190 2694 dixerit
2209 2677 2227 2704 ,
2246 2651 2369 2712 quae

353 2716 554 2776 omnia
584 2715 644 2771 in
673 2712 995 2770 Antonium
1032 2712 1411 2779 conveniant,
1449 2710 1666 2769 neceffe
1700 2710 1810 2779 est,
1851 2722 1950 2779 ut,
1992 2729 2125 2769 cum
2149 2711 2275 2787 jam
2305 2708 2370 2768 ad

355 2794 593 2852 alterum
626 2788 858 2846 transeat
877 2828 894 2855 ‚
933 2787 1058 2847 haec
1089 2788 1431 2845 omnimode
1461 2787 1532 2846 de
1563 2786 1802 2845 Catilina
1830 2788 2024 2863 scripta
2057 2786 2200 2855 smt;
2245 2804 2365 2845 cum

355 2866 661 2943 praesertim
696 2881 761 2922 ea
797 2864 941 2920 dicat
961 2905 978 2931 ,
1016 2880 1149 2938 quae
1183 2864 1250 2921 ab
1284 2864 1403 2938 ipso
1440 2864 1677 2924 Catilina
1695 2863 1838 2923 fabia
1854 2865 2016 2939 plane
2035 2865 2267 2922 constat.
2301 2863 2369 2921 Et

355 2945 488 3004 licet
521 2940 847 2998 nominatur
876 2939 937 2996 in
970 2939 1032 2996 iis
1051 2939 1230 2997 verbis
1250 2940 1482 2997 Catilina
1502 2982 1519 3009 ,
1559 2951 2231 3017 tamquam-comparetur
2250 2954 2369 2998 cum

357 3021 455 3079 illo
487 3018 663 3076 altero
681 3015 788 3084 ,de
819 3033 938 3091 quo
970 3014 1193 3073 videtur
1222 3016 1408 3075 sermo
1440 3016 1710 3075 institutus
1727 3039 1746 3083 ;
1765 3029 1959 3076 tamen
1989 3036 2112 3076 non
2141 3017 2371 3080 dubito,

358 3097 500 3174 quin
529 3109 598 3153 ex
628 3092 742 3151 hoc
773 3094 905 3151 loco
941 3092 1213 3167 ejicienda
1245 3092 1311 3149 fit
1340 3110 1456 3150 vox
1488 3093 1577 3151 illa
1612 3092 1843 3150 Catilina
1877 3135 1895 3165 ,
1952 3095 2012 3151 &
2043 3112 2149 3169 pro
2181 3112 2251 3152 ea
2284 3090 2372 3151 ad-

360 3171 635 3231 mittenda
668 3168 965 3228 Antonius.
1043 3168 1286 3226 Videtur
1318 3168 1470 3226 enirn
1500 3167 1761 3244 irrepsisse
1788 3171 1848 3227 in
1875 3181 2097 3229 textum
2130 3212 2148 3238 ,
2189 3183 2368 3241 errore

359 3249 597 3315 librarii,
636 3248 735 3323 qui
768 3246 978 3304 viderat
1008 3244 1343 3320 adscriptum
1377 3246 1436 3302 in
1464 3247 1713 3319 margine
1744 3246 1980 3305 Catilina
2014 3288 2031 3313 ,
2071 3257 2138 3305 ut
2165 3246 2368 3304 indica-

323 3324 328 3335 ’
360 3338 446 3383 ret
478 3365 496 3392 ,
533 3324 627 3382 hic
659 3322 730 3380 de
761 3322 998 3380 Catilina
1024 3322 1129 3395 agi.
1206 3322 1360 3380 Nam
1394 3323 1453 3380 &
1486 3320 1662 3380 fimile
1694 3323 1970 3381 mendum
2002 3332 2266 3382 notatum
2300 3317 2372 3391 est

360 3404 422 3461 in
455 3419 541 3476 ep.
560 3416 664 3475 32.
694 3396 786 3456 lib.·
817 3401 868 3454 π’..
901 3399 1033 3457 farn.
1068 3398 1166 3455 ubi
1195 3416 1295 3473 per
1325 3398 1569 3456 Antonii
1597 3399 1998 3473 personamdis
2026 3411 2244 3458 utatum
2265 3393 2367 3455 effe

363 3478 501 3536 dicit
530 3474 602 3535 de
633 3474 876 3533 ridiculis
893 3517 914 3542 ,
951 3493 1083 3534 cum
1117 3474 1334 3545 Julius,
1351 3492 1470 3533 non
1501 3475 1804 3547 Antonius,
1821 3475 1893 3537 de
1922 3477 1970 3535 ri
2010 3476 2164 3537 iculis
2192 3474 2371 3548 dispu-

360 3554 597 3622 taverit;
637 3554 697 3610 in
729 3568 782 3610 2.
811 3552 883 3609 de
912 3563 1052 3611 orat.
1416 3604 1419 3609 ,
2034 3552 2043 3615 j

442 3632 599 3687 Alter
629 3648 751 3685 vero
769 3671 786 3697 ,
823 3628 895 3685 die·
919 3629 1035 3687 boni
1057 3631 1117 3708 !]
1156 3629 1346 3689 fimilis
1380 3628 1716 3689 exclamatio
1744 3630 1803 3689 in
1837 3639 1978 3689 orat.
2013 3647 2117 3706 pro
2148 3629 2207 3687 P.
2239 3627 2363 3686 Sex-‘

363 3705 484 3773 ti0;
525 3705 623 3764 ubi
653 3705 725 3763 de
759 3705 1004 3765 Gabinio
1035 3708 1165 3781 agit.
1205 3707 1403 3776 Alter,
1438 3726 1465 3761 o
1495 3705 1568 3762 dii
1595 3705 1751 3776 boni,
1782 3724 1948 3792 quam
1981 3722 2118 3765 teter
2150 3707 2261 3764 &a
2326 3749 2351 3774 ‚-

439 3785 560 3857 Qu
579 3782 834 3860 splendore
854 3782 924 3861 ἓ]
950 3801 1074 3862 qua
1105 3782 1373 3857 dignitate
1392 3822 1411 3854 ‚
1449 3794 1568 3860 quo
1601 3783 1831 3848 honoris
1845 3782 2064 3859 gradu?
2104 3777 2359 3861 Splendor

2264 3869 2354 3913 au·
