2514 4438
737 231 1694 336 Consonat-us.
2063 264 2204 348 233

181 361 512 437 lunmtem
542 362 568 451 ζ
609 354 690 434 ὃς
719 354 1164 467 vehemente?
1176 359 1263 432 ad
1299 358 1478 435 illius
1516 366 1851 456 rationes&
1898 385 1966 438 te
2008 364 2078 438 id
2109 372 2207 439 as-

176 460 368 561 sequi
394 516 421 552 ,
467 457 661 559 quod
694 472 864 554 pens
896 509 920 543 ,
957 475 1317 551 pertinere.
1416 461 1772 536 Postremo
1802 484 1941 540 tota
1970 466 2202 560 petitio

178 586 345 637 mra
367 578 450 634 ut
480 580 757 655 pompae
783 551 981 649 plena
1014 552 1093 625 fit
1121 611 1142 643 ‚
1205 577 1286 631 ut
1325 557 1597 641 illustris
1628 619 1649 652 ,
1695 583 1774 636 ut
1807 562 2147 660 splendida
2178 621 2201 652 ,

180 681 263 740 ut
292 656 677 760 populariS‚
722 673 801 728 ut
832 649 1063 725 habeat
1092 652 1423 730 summam
1442 659 1763 757 speciem,
1807 687 1883 733 ac
1914 662 2203 760 dignita..

176 781 322 839 tem
343 816 367 850 ,
418 753 484 819 ⁷⁸
506 776 632 847 nt,
668 753 871 828 etiam
903 748 954 822 fi
982 751 1151 849 quid
1188 754 1388 851 possit
1418 808 1442 843 ‚
1493 783 1619 832 nec
1647 759 2200 857 competitoribus

177 861 320 938 tuis
347 857 608 932 exsistat
635 859 750 930 aut
779 848 1034 924 sceleris
1061 907 1085 941 ,
1130 874 1247 926 aut
1277 853 1574 928 libidinis
1603 915 1626 949 ,
1687 879 1803 931 aut
1833 858 2203 956 largitionis
2270 909 2285 916 -

170 956 679 1033 accommodata
712 954 796 1027 ad
821 973 1062 1058 eorum
1094 975 1316 1024 mores
1345 953 1634 1054 infamia.
1736 962 1966 1055 Atque
1997 958 2196 1028 etiam

175 1059 255 1132 in
287 1058 413 1130 hac
443 1055 767 1154 petitione
795 1047 1091 1124 maxlme
1121 1049 1496 1126 videndum
1523 1055 1656 1146 est,
1696 1077 1776 1130 ut
1805 1057 1947 1155 spes
1976 1056 2203 1155 reipu-

175 1155 381 1232 bh’cae
401 1153 583 1227 bona
611 1154 697 1227 de
729 1173 796 1227 te
824 1150 941 1238 fit,
986 1147 1061 1220 &
1095 1147 1370 1223 honesta
1394 1152 1649 1251 opinio,
1701 1181 1826 1229 nec
1853 1177 2080 1228 tamen
2126 1155 2199 1227 in

174 1252 473 1354 petendo
503 1250 881 1351 respublica
909 1247 1297 1344 capefl'enda
1327 1249 1425 1323 est
1455 1308 1477 1342 ,
1543 1275 1761 1351 neque
1806 1255 1880 1327 in
1925 1256 2146 1327 senatu
2179 1312 2203 1346 ,

174 1350 506 1453 neque-in
536 1350 868 1426 concione
903 1374 920 1418 ε
975 1344 1086 1418 1ὲά
1128 1345 1279 1421 haec
1311 1348 1437 1421 tibi
1468 1349 1621 1423 sunt
1660 1352 2001 1426 retinenda
2036 1382 2056 1441 3
2121 1376 2201 1427 ut

174 1451 433 1525 senatus
458 1470 528 1524 te
557 1449 895 1524 existimet
918 1466 1005 1518 ex
1038 1470 1160 1537 e0,
1207 1447 1400 1545 quod
1431 1447 1520 1521 ita
1554 1448 1803 1524 vixeris
1832 1509 1854 1543 ,
1899 1448 2203 1523 defenso⁹

171 1575 322 1628 nem
360 1547 770 1624 au&orimtis
803 1548 940 1621 suae
969 1541 1117 1617 fore
1156 1571 1174 1626 ε
1229 1546 1487 1645 equites
1531 1547 1837 1642 Romani
1872 1609 1895 1643 ,
1946 1549 2020 1620 &
2067 1549 2198 1624 viri

170 1647 380 1740 boni,
428 1648 504 1722 &
535 1647 907 1744 locupletes
936 1704 959 1738 ,
1005 1667 1093 1716 ex
1126 1642 1435 1719 vita‘aeta
1460 1655 1527 1719 te
1558 1645 1928 1723 studiosum
1962 1646 2083 1721 otii
2113 1674 2193 1721 ac
2262 1699 2263 1710 η

168 1771 403 1821 nerum
445 1745 958 1846 tranquillatum
1008 1771 1025 1818 ε
1093 1743 1472 1830 multitudo
1494 1802 1518 1836 ,
1578 1770 1666 1818 ex
1695 1771 1778 1820 co
1823 1749 2143 1822 duntaxat
2176 1805 2202 1836 ‚

169 1845 366 1946 quod
398 1845 698 1919 oratione
727 1845 800 1918 in
827 1841 1159 1920 concione
1185 1867 1262 1914 ac
1283 1843 1546 1943 judicio
1583 1848 1923 1942 popularis
1975 1844 2198 1936 fuisti,

168 1962 241 2017 te
278 1945 321 2018 ὲ
352 1942 485 2016 suis
512 1944 886 2018 commodis
913 1942 1208 2015 alienum
1237 1965 1381 2029 non
1411 1942 1742 2026 futurum,

203 2092 209 2100 -
273 2053 334 2125 §.
395 2063 501 2139 14.
550 2044 732 2117 Haec
766 2041 935 2115 mihi
965 2038 1323 2116 veniebant
1356 2040 1426 2114 in
1456 2060 1751 2115 mentem
1798 2039 1885 2113 de
1931 2040 2195 2117 duabus

168 2149 242 2209 79
259 2138 392 2214 illis
423 2140 1071 2216 commonitionibus
1102 2139 1484 2231 matutinis,
1532 2136 1599 2185 ⁸⁰
1647 2141 1834 2241 quod
1863 2138 1986 2212 tibi
2016 2168 2191 2241 quo-

168 2238 333 2313 tidie
375 2240 460 2313 ad
512 2240 740 2315 forum
792 2239 1213 2315 descendenti
1263 2240 1726 2314 meditandum
1779 2241 1909 2312 css'e
1937 2238 2195 2323 dixera-

166 2362 327 2413 mus
370 2366 389 2413 ε
439 2339 701 2413 Novus
731 2340 880 2414 sum
915 2397 938 2429 ,
1013 2337 1435 2411 consulatum
1465 2359 1643 2436 peto.
1743 2338 2059 2411 Teitium
2093 2366 2197 2412 re..

169 2434 328 2528 stat,
375 2439 613 2511 Roma
640 2439 738 2511 est
758 2494 780 2528 ,
828 2437 1057 2512 civitas
1087 2460 1173 2508 ex
1190 2436 1538 2513 nationum
1573 2457 1914 2510 conventu
1943 2439 2193 2509 consti-

166 2554 351 2609 tuta:
405 2536 480 2609 in
508 2562 643 2635 qua
675 2535 912 2610 multae
946 2531 1236 2623 infidiae,
1284 2535 1497 2607 multa
1526 2533 1821 2625 fallacia,
1870 2534 2082 2607 multa
2113 2536 2187 2609 in
2256 2575 2263 2581 ·

166 2634 359 2707 omni
399 2659 644 2735 genere
693 2633 856 2708 vitia
898 2632 1243 2711 versantur
1279 2660 1296 2706 ε
1351 2631 1726 2705 multorum
1760 2634 2129 2732 arrogantia
2157 2693 2180 2725 ‚

165 2732 548 2806 multorum
579 2732 1034 2823 contumacia,
1065 2731 1442 2804 multorum
1474 2731 1975 2821 malevolentia,
2003 2734 2187 2803 mul-
2262 2776 2267 2783 κ

139 2851 395 2913 ,torum
429 2831 733 2929 superbia
763 2888 785 2923 ,
833 2831 1212 2904 multorum
1260 2831 1497 2904 odium
1529 2855 1604 2903 ac
1638 2829 1939 2904 molestia
1971 2830 2188 2926 perfe-

164 2929 371 3012 renda
398 2930 516 3003 est.
616 2930 845 3004 Video
872 2929 1002 3004 esse
1032 2928 1262 3027 magni
1297 2928 1556 3001 consilii
1578 2985 1600 3019 ,
1643 2950 1841 3026 atque
1870 2930 2022 3001 artis
2043 2986 2063 3019 ,
2112 2930 2185 3002 in

163 3048 269 3113 tot
296 3026 659 3112 hominum
694 3029 1024 3134 quusque
1059 3027 1249 3107 modi
1278 3026 1457 3107 vitiis
1495 3085 1518 3124 ,
1563 3028 1892 3130 tantisque
1923 3026 2185 3107 versam

1688 3172 1689 3177 ¹
2036 3146 2177 3208 {Cn}

225 3292 306 3341 78.
334 3293 429 3345 Ut,
460 3290 588 3338 niam
600 3290 649 3347 fi
666 3286 890 3352 quidpofflt
910 3320 926 3344 ,
956 3305 1026 3336 nec
1037 3304 1138 3335 com·
1268 3303 1343 3345 79.
1378 3289 1471 3335 Illis
1509 3288 1886 3336 commonfeionthus
1921 3288 2191 3349 matutinis]

156 3350 400 3413 petitoribus
422 3351 536 3410 θα]
563 3349 655 3403 Scri
688 3363 760 3399 tus
774 3352 927 3409 noster
940 3363 1145 3413 uterque,
1193 3350 1273 3398 ‘Sic
1297 3350 1533 3398 Corradus
1557 3352 1666 3414 legit
1693 3348 1721 3397 ὲ
1745 3352 1854 3406 suin
1871 3352 1984 3398 item
2008 3355 2183 3409 'rume-

93 3444 97 3461 .
161 3414 389 3482 uc'etiaem,
414 3413 567 3482 fiffl‘ae
586 3416 636 3475 pb
661 3417 715 3460 cit
738 3431 787 3461 ne
809 3427 931 3476 comp.
966 3413 1140 3461 Guliel·
1204 3414 1302 3462 bus.
1329 3425 1461 3461 antea
1485 3413 1655 3474 vulgati
1672 3415 2036 3473 ,commotior-dms¹
2054 3407 2186 3472 quod

161 3486 285 3524 mnus
306 3473 601 3532 conjiciebat,
624 3475 671 3534 st
690 3478 759 3523 cui
777 3474 893 3537 poffit
916 3474 938 3523 ἒ
960 3478 1145 3537 competi·
1206 3477 1256 3523 ἂι
1280 3476 1328 3523 in
1351 3473 1731 3533 nostris‘duobus,
1766 3476 1992 3523 Paletmus
2005 3472 2187 3522 malui(-

159 3539 331 3588 uribus.
363 3537 613 3591 valeanus,
648 3552 695 3586 at
713 3538 839 3585 etiam
852 3538 991 3600 siqua
1005 3536 1147 3598 pesth,
1183 3536 1268 3586 -set
1290 3539 1699 3586 commentationibus.
1739 3539 1872 3593 Grut,

159 3598 1148 3718 aa„
1201 3600 1594 3720 „s
1618 3596 2189 3722 „sss”

149 3672 380 3773 “regiona
422 3676 636 3786 Nempgg,
664 3738 712 3781 ιρι
732 3727 892 3780 etiam,
904 3696 1144 3787 siqu-aposi
1207 3724 1257 3772 δι
1280 3695 1547 3771 Vistoxiana
1584 3695 1784 3789 aliaeque.
1798 3675 1967 3777 qiid‘em
2002 3719 2143 3775 nossn
2167 3752 2187 3779 ,¹

150 3783 360 3912 ,ganz
391 3787 716 3853 competitoribus
737 3788 824 3845 mis
848 3785 1013 3851 exfistac
1051 3785 1144 3838 διο.
1205 3788 1411 3837 dixeram.
1444 3785 1597 3841 Idem.

1368 3913 1435 3974 Q
1449 3926 1479 3971 s
