2514 4438
384 251 484 311 m
530 235 872 336 QCre.
925 244 1045 307 nn
1095 233 1418 308 Ρετιτ.
1470 220 1872 308 Consua.
2040 245 2179 326 με,

147 353 350 411 autem
382 348 779 425 complectitur
808 346 1160 405 'nobilitatem
1176 388 1195 415 ,
1236 363 1411 421 opes·,
1450 347 1736 406 virtutem.
2108 413 2114 422 ἡ

238 427 479 483 Primum
499 469 517 494 ,
560 424 823 481 nobilitate
853 415 1024 480 eadem
1045 465 1062 492 ,
1100 437 1205 501 qua
1242 422 1506 502 Catilina]
1562 442 1668 501 qua
1705 429 1769 479 C.
1802 424 2072 484 Antonius
2099 427 2183 487 le·-

150 501 410 578 gendum
444 513 604 578 putat
631 499 846 558 Paullus
875 499 1265 558 Mannuccius„
1343 499 1524 560 Aliter
1574 500 1727 557 enim
1763 498 2003 559 Catilina
2045 521 2184 566 cum

151 579 401 637 Catilina
433 576 877 653 comparabitur:
915 576 987 633 de
1018 591 1138 651 quo
1170 575 1493 634 sermonem
1528 572 1687 652 effe,
1728 574 1975 636 indicant
2011 580 2181 641 verba

151 655 310 713 subse
353 655 562 713 uentia.
640 653 751 710 Vel
776 653 941 730 igitur
971 671 1077 737 qua
1113 659 1176 725 Q.
1209 653 1478 709 Antonius
1508 648 1809 727 legendum
1842 664 2000 727 putat
2030 697 2049 726 ,
2089 658 2184 719 vel

155 674 446 790 ‘abundare
479 727 651 788 credit
718 734 789 784 aa
822 727 1073 785 Catilma.
2182 787 2191 802 ‚

237 808 482 865 Primum
515 849 533 875 ,
571 805 684 861 nobi
714 805 830 870 'teate
858 803 1029 860 eadem
1065 846 1083 872 ,
1138 808 1244 883 qud
1281 804 1576 883 Antonius]
1631 804 1757 863 haec
1785 807 1999 866 ironice
2032 808 2182 871 dicta

149 883 299 942 sunt.
341 885 478 942 Non
513 882 664 940 enirn
702 881 920 938 confert
951 898 1011 937 re
1044 898 1177 939 vera
1209 882 1429 955 generis
1458 881 1846 950 nobilitatem3
1888 883 1981 943 sed
2001 926 2018 953 ,
2039 884 2187 947 dum.

149 977 322 1035 agere
353 959 422 1018 de
456 978 521 1017 ea
553 957 811 1025 videtur,
852 955 1057 1015 minuit
1085 957 1283 1033 procul
1315 955 1486 1015 dubio
1507 999 1524 1026 ,
1565 975 1663 1017 eos
1680 956 1789 1016 effe
1809 962 1893 1034 (ut
1911 959 1980 1022 ad
1997 953 2180 1021 extress

156 1041 325 1096 'mum
360 1036 533 1112 dicet)
567 1051 686 1093 non
720 1039 834 1092 tam
869 1049 1075 1107 genere
1106 1031 1342 1107 insignes
1363 1075 1380 1102 ,
1419 1052 1590 1111 quam
1622 1034 1771 1094 vitiis
1794 1036 2023 1103 nobiles,

240 1122 391 1169 Num
424 1112 616 1187 majore
648 1111 674 1167 ἓ
712 1129 814 1166 non
848 1127 876 1179 3.
892 1100 987 1185 sed
1016 1109 1242 1244 vit-tutti]
1300 1109 1341 1167 fi
1368 1112 1491 1187 quis
1519 1122 1731 1169 attente
1762 1113 1975 1188 cogitet
2006 1155 2024 1185 ,
2062 1131 2189 1188 non*

153 1187 420 1257 dubim,-
477 1188 575 1246 uin
607 1185 828 1255 videat,
868 1185 1103 1244 otiosam
1140 1205 1172 1244 e
1217 1206 1249 1243 e
1280 1186 1424 1245 hanc
1455 1189 1956 1264 interrogationem
1992 1233 2011 1259 ‚
2049 1212 2183 1251 mem

160 1265 398 1341 majore?
435 1208 497 1322 gi
529 1262 599 1321 ad
628 1263 983 1321 nobilitatem
1006 1263 1244 1329 referas,
1287 1277 1455 1340 quam
1492 1264 1552 1321 in
1581 1276 1824 1342 utroque
1847 1268 1970 1342 jam
1986 1286 2184 1343 parem

160 1339 321 1405 dixit.
396 1340 556 1417 Quid
587 1340 767 1414 ergo?
806 1337 1028 1396 Videor
1053 1339 1192 1397 mihi
1224 1339 1646 1416 propemodum
1678 1343 1997 1418 conjectura
2013 1346 2183 1404 attin.-

159 1434 333 1491 gere·,
369 1430 432 1476 ut
460 1418 555 1475 hic
587 1414 796 1492 aliquid
827 1413 981 1472 defit.
1055 1416 1207 1474 Nam
1242 1433 1374 1474 cum
1404 1418 1486 1476 his
1516 1435 1635 1475 non
1667 1418 1852 1478 minus
1883 1421 2183 1493 egestatem

161 1494 422 1569 objiciat,
461 1511 634 1571 quam
667 1493 930 1567 pleraque
957 1492 1269 1566 graviffima
1299 1493 1435 1551 vitia
1452 1517 1471 1561 ς
1514 1505 1681 1570 atque
1716 1494 1846 1553 ideo
1878 1503 2044 1558 antea
2058 1515 2185 1558 am*

160 1569 264 1629 bos
296 1570 513 1629 ficarios
545 1613 564 1640 ,
604 1570 798 1627 ambos
830 1567 1151 1627 libidinosos
1182 1603 1201 1638 ,-
1239 1570 1437 1628 ambos
1471 1582 1696 1644 egentes
1728 1572 2046 1647 appellarit;
2086 1575 2182 1633 hic

163 1647 223 1705 in
255 1645 759 1707 commemoranda
795 1645 948 1718 (licet
969 1663 1068 1720 per
1082 1646 1351 1722 ironiam)
1384 1647 1675 1705 nobilitate
1707 1649 2003 1708 &virtute
2022 1668 2181 1718 ,non

167 1734 325 1783 erant
357 1721 691 1783 omittendae
723 1721 936 1782 divitiae
953 1744 970 1787 ;
1010 1739 1248 1798 quarum
1283 1736 1601 1799 opportune
1618 1722 1715 1781 fiet
1745 1726 1997 1795 menti0,
2035 1726 2077 1784 fi
2102 1727 2182 1785 le·-

163 1817 361 1875 gamus
392 1820 494 1857 non
523 1799 713 1876 majore
746 1819 797 1853 re
829 1797 854 1855 ἓ
909 1797 1036 1856 Fuit
1063 1812 1252 1857 autem
1287 1799 1580 1858 venustum
1613 1800 2026 1860 incrementum
2058 1845 2077 1872 ,
2116 1816 2183 1863 ut

166 1878 418 1952 primum
451 1876 597 1935 dicat
616 1917 633 1944 ,
673 1874 972 1933 Catilinam
1005 1874 1294 1933 nobilitate
1328 1890 1519 1951 parem
1550 1877 1810 1934 Antonio
1828 1899 1845 1944 ;
1867 1883 2004 1935 mdx
2020 1896 2183 1954 quae-

165 1954 284 2021 rat,
322 1971 463 2012 num
493 1951 688 2028 opibus
721 1950 785 2008 fit
817 1951 1065 2027 superior
1083 1993 1100 2020 ,
1139 1953 1201 2009 &
1229 1969 1329 2026 per
1361 1951 1762 2027 subjectionem
1790 1953 2185 2029 respondendo

164 2043 377 2104 neget3
419 2030 649 2088 demum
681 2026 880 2096 addat,
922 2028 1121 2084 virtute
1149 2028 1306 2086 illum
1337 2028 1589 2104 superare
1624 2072 1642 2098 ,
1681 2047 1886 2105 nempe
1920 2030 2133 2104 flagitiis
2158 2065 2182 2104 ,-

162 2105 397 2165 audacia
427 2108 489 2164 δε
517 2104 874 2173 crudelitate3
913 2104 972 2162 in
1004 2122 1114 2181 qua
1146 2105 1447 2163 Catilinam
1464 2106 1724 2164 Antonio
1751 2105 2052 2181 praestitisse
2081 2126 2182 2184 apa

167 2197 342 2260 paret.
419 2182 546 2242 Fuit
578 2199 716 2242 vero
747 2180 997 2258 proclive
1029 2181 1379 2257 scriptoribus
1413 2184 1676 2242 omittere
1723 2182 1858 2242 illud
1890 2195 1942 2241 νε
1972 2213 1991 2254 3
2043 2201 2182 2263 quae

166 2272 284 2319 erat
315 2259 515 2335 syllaba
548 2260 746 2319 eadem
777 2276 908 2317 cum
939 2258 1305 2334 praecedentis
1335 2260 1492 2319 verbi
1508 2261 1797 2336 postrema.
1837 2262 2042 2337 Neque
2061 2281 2181 2324 non

171 2337 302 2395 alibi
333 2336 479 2413 saepe
508 2338 622 2397 hoc
651 2335 830 2397 modo
862 2344 1157 2410 peccatu'm
1193 2337 1285 2394 est.
1363 2338 1516 2395 Nam
1551 2336 1709 2412 quod
1737 2337 1934 2394 attinet
1968 2338 2038 2396 ad
2056 2357 2185 2399 ver-2

175 2414 247 2473 ba
277 2413 466 2489 majore
493 2431 703 2489 re,pro
737 2412 1039 2487 majoribus
1069 2412 1268 2487 opibus
1302 2413 1452 2471 recte
1487 2412 1824 2479 dici‚nemo
1858 2412 2184 2491 nescit,qui

162 2490 326 2553 novit
342 2532 361 2559 ,
401 2490 541 2567 quid
571 2491 634 2546 sit
660 2508 768 2548 rem
784 2490 955 2561 facere
971 2529 989 2555 ,
1031 2508 1138 2545 rem
1163 2507 1340 2562 augere
1354 2510 1374 2556 3
1418 2487 1478 2547 ὃς
1506 2488 1642 2547 illud
1667 2488 1962 2551 inCatone
1996 2493 2184 2567 lna-10³¹

159 2582 258 2634 τες
303 2566 389 2623 Vir
418 2567 564 2624 haud
593 2583 785 2641 magna
812 2584 928 2621 cum
956 2582 1026 2619 re.¹
1286 2623 1288 2626 y

240 2643 592 2718 {Quamobrem
622 2643 711 2722 qui
741 2640 946 2701 inanius
980 2649 1223 2698 umbram
1242 2640 1405 2718 sua‘m
1437 2642 1622 2699 metuit
1641 2684 1658 2709 ,
1695 2641 1833 2698 hunc
1850 2641 2049 2716 negliges
2063 2645 2181 2721 qui-

157 2719 303 2799 elem]
345 2719 612 2781 collector
643 2715 1073 2795 proverbiorum
1104 2717 1348 2776 umbram
1367 2718 1527 2795 suam
1557 2734 1772 2775 metuere
1804 2716 1939 2779 dicit
1970 2760 1989 2787 ,
2044 2737 2194 2794 pro-j

159 2796 474 2855 verbialiter
504 2794 613 2854 effe
647 2837 665 2864 ‚
704 2795 985 2870 pueriliter
1016 2793 1288 2869 trepidare
1308 2835 1326 2864 ‚
1365 2795 1459 2853 ubi
1494 2796 1629 2854 nihil
1663 2795 1903 2853 omnino
1938 2794 2002 2852 fit
2030 2796 2179 2871 peri-

163 2872 309 2930 culi:
351 2891 489 2931 mox
507 2915 526 2942 ,
564 2871 622 2930 id
651 2869 810 2948 quod
844 2888 1044 2929 omnes
1071 2871 1269 2929 vident
1287 2915 1305 2941 ,
1341 2872 1535 2930 locum
1554 2872 1915 2947 depravatum
1935 2869 2043 2929 effe
2059 2871 2134 2931 ait
2153 2914 2175 2941 ,

164 2950 230 3009 δί
261 2948 485 3024 corrigit
501 2993 519 3018 ‚
553 2946 887 3027 'quamobrem
919 2948 1008 3026 qui
1037 2951 1276 3006 manium
1308 2948 1549 3007 umbram
1566 2948 1728 3034 suam
1744 2948 1930 3005 metuit
1945 2950 2053 3006 &a
2092 2950 2187 3007 in*

164 3024 479 3102 telligitque
513 3025 812 3084 Catilinam
841 3022 921 3103 ita
952 3026 1350 3099 expavescere,
1388 3037 1451 3083 ut
1479 3043 1580 3101 qui
1611 3025 1937 3095 arbitrantur
1968 3024 2022 3085 se
2051 3025 2179 3084 suos

165 3102 364 3160 videre
397 3120 605 3161 manes.
641 3100 748 3160 Sed
773 3101 943 3175 longe
977 3101 1117 3159 mihi
1147 3102 1351 3160 melior
1384 3120 1582 3160 eorum
1617 3102 1889 3159 correctio
1918 3101 2177 3168 videtur,

158 3179 264 3256 qui
293 3180 483 3253 legunt
499 3221 519 3247 ‚
557 3176 884 3256 quamobrem
921 3185 983 3235 C.
1016 3181 1285 3235 Antonias
1315 3178 1558 3235 umbram
1581 3176 1739 3252 suam
1755 3177 1977 3233 metuit:
2023 3177 2101 3232 hic
2118 3188 2181 3233 ne

152 3255 280 3330 leges
309 3253 510 3331 quidem
529 3296 546 3323 ,
563 3263 719 3312 na'tus
749 3254 804 3310 in
825 3255 993 3328 patris
1024 3255 1226 3329 egestate
1243 3297 1260 3323 ,
1278 3256 1518 3312 educatus
1545 3255 1603 3310 in
1623 3254 1810 3328 sproris
1830 3253 2019 3329 stupris
2037 3290 2054 3320 ,
2074 3273 2181 3309 cor-

150 3330 430 3388 roboratus
460 3332 515 3386 in
546 3328 664 3387 cade
692 3330 902 3387 civium.
982 3331 1220 3405 Optime
1254 3332 1440 3401 enim,
1481 3346 1612 3389 cum
1646 3331 1844 3389 dixerit
1878 3329 2179 3388 Catilinam

164 3406 387 3483 majore
419 3405 646 3467 audacia
677 3402 783 3465 else
816 3423 987 3484 quam
1021 3408 1343 3467 Antonium
1365 3450 1381 3475 ,
1420 3408 1634 3475 subdit,
1672 3406 1829 3484 quod
1859 3406 1922 3463 sit
1952 3404 2022 3464 ad
2044 3405 2187 3462 utri-

159 3484 233 3541 us
265 3501 337 3541 ue
371 3494 625 3541 naturam
655 3482 1152 3548 accommodatum
1171 3506 1189 3551 ;
1208 3494 1416 3560 nempe
1434 3485 1754 3544 Antonium
1771 3481 2179 3540 timidisfimum

164 3578 198 3618 e
245 3579 313 3629 e,
351 3560 578 3638 qualem
609 3572 737 3618 ante
771 3559 1083 3635 descripfit‚
1123 3577 1254 3618 cum
1290 3563 1499 3619 Romae
1534 3579 1666 3619 cum
1698 3560 1931 3618 homine
1967 3557 2178 3616 Graeco

156 3635 379 3711 judicio
416 3648 625 3694 certare
657 3654 776 3696 non
806 3638 961 3694 ausus
992 3635 1089 3706 fit,
1129 3637 1281 3695 hunc
1307 3636 1760 3706 audaciffimum5
1796 3634 1894 3711 qui
1925 3649 1998 3691 ne
2028 3634 2181 3708 leges

166 3712 400 3788 quidem
432 3713 646 3773 timeat.
701 3716 895 3788 Quam
925 3712 1253 3773 sententiam
1286 3732 1406 3772 non
1436 3715 1575 3773 nihil
1605 3714 1831 3788 adjuvat
1860 3710 2083 3796 scriptus
2112 3712 2181 3769 li-

165 3789 298 3861 ber,
335 3808 511 3868 quem
541 3790 684 3851 mihi
713 3790 890 3851 Aldus
920 3790 1292 3851 Mannuccius
1307 3790 1698 3924 cSommodavit
1716 3831 1733 3859 ,
1764 3790 1990 3866 juvenis
2008 3805 2066 3845 1n
2083 3786 2179 3843 be·-

1325 3896 1330 3903 ’
1396 3885 1427 3925 2
1504 3891 1530 3917 ο
2104 3880 2181 3921 ne
