2514 4438
380 288 480 342 m
526 265 725 343 Lm.
773 263 883 339 Π.
930 258 1085 346 Er.
1116 262 1264 341 λυ)
1309 263 1611 370 QFR:
1665 265 1819 347 EP‘:
1874 260 2015 350 Vrss
2097 276 2218 376 [55

144 388 356 449 matu
385 383 705 447 Marcessini
735 382 1048 462 &Philippi
1077 383 1337 462 scriptam
1370 386 1726 474 ostendimus.
1762 391 1943 467 Quod
1958 391 2029 451 ad
2043 410 2207 458 reum

154 465 413 531 attinet;
452 463 639 524 homo
674 457 786 530 est,
823 478 998 539 quem
1029 461 1179 522 Milo
1209 463 1414 539 pariter
1446 464 1507 521 &
1539 465 1743 524 C1cero
1777 467 2062 543 perditum
2096 489 2205 530 vo-

116 541 398 676 ·iueriiit.
427 537 590 677 qmffll
618 549 902 617 utrunque
935 555 1053 601 non
1086 555 1157 597 ex
1186 538 1447 600 oratione
1478 538 1663 600 minus
1684 585 1702 611 ,
1741 556 1917 621 quam
1936 564 2004 604 ex
2021 547 2205 608 hace-

206 619 222 628 “
284 635 322 676 ο
342 636 371 675 a
428 633 522 675 .co
566 616 577 626 '
620 615 747 675 itur.

149 617 434 774 plstNeqnze
461 692 553 751 hoc
580 630 829 829 {empore}
862 690 1021 828 {uod
1052 691 1108 752 ei
1140 690 1372 756 Clodius
1391 733 1409 762 ,
1448 696 1550 774 qui
1578 706 1716 754 tunc
1748 693 2074 759 aedilitatem
2107 718 2204 760 cu·

152 769 356 831 mlem
389 779 648 846 gereret,
686 786 789 846 pro
831 786 863 828 e
907 787 939 828 e
968 768 1070 829 suo
1099 767 1282 828 studio
1298 769 1604 846 plurimum
1624 767 1823 848 poffet.
1845 774 2015 833 etiam
2034 777 2224 847 illude

152 844 332 927 quod
362 864 436 907 eo
471 857 732 922 tempore
766 844 829 903 fit
843 845 1122 906 accusams
1141 887 1159 914 ‚
1199 863 1330 905 cum
1345 847 1650 924 Pompejus
1683 865 1871 924 neque
1902 867 2056 909 carus
2089 854 2208 928 ple-

153 925 360 1011 risque
393 922 467 982 de
535 921 711 997 opulo
745 919 877 981 effet
906 964 925 991 ,
963 932 1191 999 propter
1221 923 1456 983 Milonis
1489 925 1865 1012 patrocinium
1898 969 1916 995 ‚
1960 928 2024 985 &
2053 928 2207 988 sena-

156 999 384 1059 toribus
419 1014 457 1058 0
507 999 679 1059 ensus.
715 1015 785 1056 ex
813 1016 931 1074 quo
963 998 1150 1074 paullo
1183 999 1337 1074 post:
1379 1007 1460 1056 Ea
1487 1021 1505 1057 ι
1523 1002 1590 1076 fle
1618 1002 1675 1058 in
1687 1002 1756 1057 'r'e
1773 1002 1995 1080 Pompeji
2009 1003 2203 1082 ‹ffinjio

158 1075 312 1133 nobis
338 1076 559 1150 obstitit:
588 1076 891 1151 senatorum
920 1075 1057 1132 enim
1087 1093 1225 1133 urna
1255 1076 1429 1154 copiosi
1457 1098 1491 1133 a
1514 1078 1694 1154 fhlvit.
2073 1084 2078 1101 '

256 1153 533 1232 Accusari]
574 1151 646 1212 de
678 1154 740 1211 vi
769 1195 787 1220 ,
826 1164 890 1210 ut
917 1153 1125 1227 opinor
1154 1171 1169 1211 z
1210 1169 1343 1213 cum
1381 1144 1422 1225 ,‘
1440 1155 1700 1216 omnium
1733 1154 2201 1220 seditiofiffimum

166 1227 336 1290 fuisse
354 1273 371 1300 ,
412 1230 704 1290 Ciceronis
734 1228 928 1309 scripta
959 1227 1368 1299 demonstrent„
2242 1286 2247 1293 ,

254 1306 532 1365 retem-ima
564 1306 862 1385 defherumj
901 1323 1034 1383 quae
1066 1305 1167 1364 nifi
1202 1305 1498 1366 defuifl'ent
1531 1349 1548 1376 ,
1590 1309 2011 1379 condemnatus
2047 1310 2199 1371 effeti

170 1384 280 1455 δε,
314 1383 611 1453 teterrima,
648 1400 781 1443 cum
815 1381 912 1442 odi
954 1427 968 1439 .
1003 1400 1137 1442 nam
1167 1381 1209 1441 fi
1239 1382 1514 1442 absolutus
1544 1385 1619 1444 est
1637 1386 1761 1445 Sex.
1836 1387 2071 1446 Clodius
2089 1389 2199 1448 im-

172 1460 396 1519 merito
427 1501 446 1529 ‚
481 1479 598 1520 non
629 1461 738 1520 tres
767 1459 825 1535 pl
961 1457 1251 1519 sententiae
1283 1503 1303 1530 ,
1337 1460 1433 1520 sed
1465 1479 1664 1522 omnes
1689 1462 2206 1541 quaeJabsolverunt

169 1538 505 1596 teterrimae.
533 1548 695 1597 notat
727 1548 920 1597 autem
951 1535 1210 1598 ordinem
1240 1536 1598 1602 senatorium.
1615 1558 1747 1601 nam
1781 1540 1989 1599 tribuni
2021 1539 2201 1600 aerarii

176 1612 549 1684 damnarunt,
588 1614 846 1693 equitum
876 1612 1164 1676 sententiae
1196 1615 1314 1694 pari
1344 1633 1584 1676 numero
1616 1617 1845 1676 fuerunt
1862 1660 1881 1688 ,
1918 1617 2198 1676 senatores

170 1690 430 1769 plerique
472 1690 839 1751 absolverunt.
887 1691 1045 1769 quod
1072 1690 1432 1768 subjungitur.
1464 1705 1625 1752 notat
1655 1694 1821 1769 igitur
1851 1694 2192 1753 nominatim

175 1784 267 1827 eas
296 1778 407 1827 tres
425 1810 442 1837 ,
481 1786 614 1845 quae
647 1767 1130 1845 condemnationis
1161 1786 1404 1828 numero
1436 1768 1747 1829 defuerunt.
1785 1771 2006 1829 Verum
2039 1768 2198 1848 quaess

177 1861 245 1902 ro
263 1888 280 1913 ,
322 1862 457 1904 cum
494 1863 563 1904 ex
596 1846 765 1904 tribus
800 1844 1082 1905 ordinibus
1114 1861 1255 1904 unus
1286 1845 1578 1906 absolverit
1595 1889 1613 1915 ‚
1661 1847 1797 1904 alter
1810 1846 2161 1905 damnaverit
2179 1888 2199 1913 ‚

172 1922 366 1982 tertius
397 1938 587 2000 neque
620 1922 912 1981 absolverit
942 1939 1131 2000 neque
1148 1920 1539 1991 damnaverit,
1556 1921 1662 1999 qui
1672 1920 1852 1982 videri
1865 1922 2045 1998 potest
2062 1918 2199 1980 Clo-

177 1997 297 2057 dius
330 1996 608 2057 absolutus
623 1998 674 2057 5?
710 1999 857 2088 quia
874 2040 892 2067 ‚
931 2017 1051 2058 non
1085 1997 1350 2058 ordinum
1374 1997 1588 2075 judicia
1622 2042 1640 2069 ,
1678 1997 1774 2058 sed
1800 1998 2196 2058 sententiarum

180 2076 479 2135 numerum
506 2073 772 2151 speetari,
809 2075 900 2135 lex
920 2074 1169 2164 jubebat.
1204 2074 1362 2153 quod
1393 2092 1522 2136 cum
1554 2075 1671 2135 aliis
1706 2076 1973 2152 exemplis
2004 2119 2021 2145 ‚
2067 2086 2194 2136 tum

179 2168 247 2210 ex
274 2152 539 2211 oratione
571 2169 676 2228 pro
708 2153 974 2213 Cluentio
995 2194 1013 2223 ,
1053 2153 1115 2211 δε
1145 2170 1215 2211 ex
1247 2151 1472 2230 epistola
1505 2168 1557 2227 7.
1575 2151 1745 2211 Coelii
1760 2151 1830 2212 ad
1848 2153 2190 2212 Ciceronem

181 2229 531 2306 cognoscitur
549 2272 568 2299 ,
604 2230 697 2288 lib.
735 2250 756 2289 1
772 2248 855 2288 rx.
886 2230 1020 2289 fam.
1038 2229 1209 2310 idque
1222 2229 1541 2290 Plutarchus
1556 2230 1617 2289 in
1631 2229 1821 2291 Mario
1841 2232 2191 2309 comprobat.

254 2314 321 2362 In
351 2306 582 2385 cqnqilio]
613 2306 872 2383 judicum
894 2351 911 2376 ,
949 2316 1013 2364 ut
1044 2307 1202 2367 infra.

249 2387 477 2441 Revoca‘t
548 2382 724 2442 rursus
757 2383 1123 2443 accusandum
1157 2380 1267 2444 esse
1298 2385 1451 2444 dicit.
2215 2447 2216 2450 Ἴ

251 2384 511 2536 Fuerunt}
551 2459 744 2519 malim
766 2503 782 2529 ,
805 2462 1007 2533 strunt.
1041 2479 1174 2521 nam
1193 2504 1211 2529 ‚
1250 2480 1354 2518 non
1369 2463 1597 2535 fuerunt
1631 2461 1854 2520 homines
1872 2504 1891 2530 ‚
1929 2461 2192 2540 ineptum

179 2535 446 2614 quiddam
479 2546 648 2613 atque
681 2547 1009 2597 enervatum
1039 2536 1279 2594 videtur.
2033 2561 2040 2570 κ
2211 2573 2218 2592 ,

248 2611 378 2687 Pag.
414 2612 501 2689 56.
539 2614 704 2689 Apud
720 2614 871 2693 suos]
909 2611 1066 2689 quod
1099 2614 1152 2670 ei
1173 2611 1391 2687 judices
1422 2614 1677 2672 faverent
1708 2633 1723 2672 ε
1761 2614 1970 2688 opinor
2002 2654 2020 2681 ‚
2057 2614 2190 2689 quia
2245 2659 2246 2662 η

178 2706 294 2748 non
326 2708 365 2748 o
404 2690 546 2749 time
577 2690 635 2748 in
664 2688 1004 2766 Pompejum
1036 2687 1208 2748 essent
1238 2690 1487 2749 animati.
1520 2690 1764 2768 sequitur
1796 2688 1987 2749 enim:
2029 2699 2185 2747 Pom-

170 2765 270 2843 pq'i
301 2708 499 2842 offlpnsto
534 2765 670 2823 nobis
703 2766 904 2839 obstitit.
1244 2825 1247 2830 .

258 2842 441 2898 Vident
470 2841 833 2922 damnatum]
855 2843 1106 2903 futurum
1136 2841 1369 2901 credunt
1387 2885 1405 2911 ,
1442 2843 1505 2898 ut
1538 2840 1848 2902 damnetur.

251 2919 428 2999 Urna]
458 2930 576 2990 ‚tres
607 2929 761 2977 erant
793 2936 950 2977 urnae
970 2963 987 2990 ‚
1028 2937 1159 2978 cum
1192 2930 1301 2979 tres
1331 2918 1551 2977 ordines
1570 2962 1587 2988 ,
1626 2920 1902 2982 senatores
1921 2965 1938 2992 ,
1957 2923 2193 3001 equite&

180 2992 383 3057 tribuni
417 2995 597 3052 aerarii
628 3013 698 3055 ex
732 3012 798 3053 ea
827 2995 951 3070 lege
971 3040 988 3065 ‚
1025 3014 1197 3075 quam
1230 2996 1428 3055 tulerat
1461 2997 1519 3052 in
1550 3008 1789 3070 praetura
1826 3000 1896 3057 L.
1931 3000 2193 3058 Aurelius

179 3070 350 3205 §ottg
368 3112 388 3140 ‚
414 3070 750 3148 judicarent.
766 3072 826 3132 in
858 3090 947 3133 eas
979 3072 1269 3150 separatim
1302 3073 1569 3150 cujusque
1601 3073 1808 3133 ordinis
1824 3076 2039 3135 tabellae
2056 3094 2196 3134 con-

202 3164 308 3205 1c1e
346 3158 527 3206 antur.

174 3163 197 3222 J
254 3223 471 3281 Tribuni
498 3219 686 3305 ararii]
765 3243 897 3285 enus
926 3226 1227 3286 hominum
1261 3221 1420 3287 fuiffe
1452 3226 1663 3287 constat
1680 3226 1952 3301 dignitate
1967 3229 2194 3290 inferius

180 3298 378 3358 ordine
412 3300 679 3376 equestri:
719 3241 790 3359 ἔς
821 3302 1017 3379 quibus
1047 3304 1263 3362 Varro:
1306 3303 1505 3379 Qibus
1536 3302 1795 3361 attributa
1811 3315 1934 3361 erat·
1942 3305 2194 3382 pecunia,
2224 3376 2229 3380 .

180 3390 239 3433 ut
267 3376 423 3433 militi
442 3377 744 3446 ·redderent‚
764 3379 957 3436 tribuni
987 3382 1149 3436 erarii
1178 3380 1316 3435 dieti.
1348 3381 1451 3438 hos
1470 3397 1577 3455 ego
1596 3379 1850 3439 existimo
1866 3380 2192 3456 perfunctos

180 3469 251 3510 eo
301 3469 538 3512 munere
586 3470 800 3512 nomen
843 3455 1032 3531 postea
1080 3453 1377 3514 retinuisse.
1411 3456 1737 3534 quomodo
1769 3459 1921 3516 enim
1955 3469 2043 3515 tot
2073 3475 2191 3534 uno

179 3538 440 3604 tempore
471 3539 560 3588 tot
592 3529 650 3588 in
686 3530 900 3589 'udiciis
920 3533 1134 3590 ⁴tribuni
1165 3532 1385 3589 aerarii?
1425 3532 1597 3611 quid,
1637 3533 1897 3592 fibellum
1920 3531 2051 3591 esset
2069 3537 2193 3596 nul-

178 3605 324 3671 lum;
367 3606 503 3665 nulli
536 3624 610 3665 ne
642 3607 661 3665 i
702 3625 774 3665 eo
803 3608 1009 3665 tribuni
1038 3606 1261 3666 aerarii?
1299 3609 1403 3685 qui
1431 3626 1566 3684 ergo
1599 3620 1708 3666 tres
1742 3609 1961 3666 ordines
1969 3609 2190 3686 judica-

181 3680 346 3739 rent?
385 3699 603 3741 nomen
634 3684 798 3758 igitur
830 3701 949 3743 non
981 3703 1014 3743 a
1044 3683 1314 3759 praesente
1341 3686 1515 3760 magis
1534 3728 1552 3755 ,
1590 3704 1761 3762 quam
1793 3686 2040 3765 absoluto
2065 3689 2189 3766 jam

184 3774 419 3817 munere
453 3769 734 3836 ceperunt.
1028 3792 1034 3797 ·
2061 3801 2064 3806 -

257 3835 496 3916 servius]
534 3837 793 3917 antiquus
823 3833 1148 3904 {effarionis
1180 3836 1353 3974 libel}
1400 3838 1611 3897 sevius:
1632 3838 1767 3897 alter
1783 3881 1803 3909 ‚
1819 3856 1937 3917 quo
1954 3841 2197 3976 Magriu·

294 3951 305 3958 ἢ
778 3937 779 3940 “
1371 3931 1402 3992 3
2133 3934 2194 3975 us
