2514 4438
307 173 453 263 '250'
665 168 1164 242 -PA‹Lnn.M1
1209 162 1998 241 Coumnnumus
2068 189 2079 198 ’

308 284 638 367 personam:
684 284 743 346 id
775 282 883 351 est,
919 282 1055 358 qui,
1093 279 1267 367 quid,
1307 281 1369 338 &
1400 282 1694 357 ubi-petat.
1769 282 1827 339 A
1860 282 2098 359 quibus,
2136 296 2289 342 ceu
2354 300 2429 344 a

309 361 480 420 tribus
512 359 755 420 fontibus
775 400 795 426 ‚
813 370 1002 417 manat
1033 356 1172 432 quid
1212 354 1310 415 uid
1326 356 1396 415 de
1412 369 1539 416 toto
1552 358 1667 416 hoc
1680 373 1888 431 genere
1901 358 2211 417 traditurus
2231 360 2406 418 est..

383 437 510 511 Pag.
543 452 667 506 214.
708 443 861 510 Propo
892 433 1114 512 quotidi}
1144 375 1216 488 a}
1233 433 1415 504 sorum
1448 433 1539 491 tibi
1551 432 1882 511 descendenti]
1922 434 2172 493 eandem
2193 452 2411 509 pro-

310 510 650 591 positionem
682 507 883 587 repetit
914 512 974 568 &
1002 510 1387 583 interpretatur
1419 532 1439 576 ;
1478 522 1541 568 ut
1573 551 1593 578 ,
1630 520 1897 586 quantam
1926 510 2046 569 vim
2079 510 2351 569 habeat
2366 552 2412 580 ‚

309 589 531 666 penitus
562 588 846 660 intelligat.
885 584 1064 661 Quod
1097 586 1251 644 enim
1285 584 1422 644 dixit
1455 584 1611 662 cogita
1630 627 1647 652 ,
1686 600 1837 643 nunc
1861 584 2328 663 dicit,quoties
2354 627 2391 654 ,

310 662 542 741 quando
574 664 635 721 &
663 674 975 740 quantum:
1014 678 1221 734 nempe
1251 659 1509 736 quotidie
1538 702 1555 728 ,
1597 660 1949 720 descendenti
1980 661 2052 719 ad
2084 664 2319 722 forum
2354 703 2389 729 ‚

312 737 650 814 meditatum
686 739 764 796 lit.
841 735 1017 813 Quod
1049 735 1223 804 dixit,
1263 737 1352 814 qui
1371 736 1445 811 fis
1458 759 1477 804 3
1518 753 1704 804 nunc,
1742 756 1911 795 novus
1928 737 2077 814 sum.
2158 738 2381 814 Quid

313 828 504 897 petaS,
543 812 902 882 consulatum.
981 812 1190 878 Civitas
1220 829 1354 888 quae
1384 812 1482 880 fit,
1523 814 1711 871 Roma
1743 813 1836 871 est.
1909 813 1984 872 Et
2017 813 2381 872 observan-

314 892 453 951 dum
488 934 505 961 ,
560 907 676 949 non
724 887 929 950 eodem
962 885 1158 945 ordine
1189 886 1479 946 reddidiffe
1510 889 1633 946 haec
1662 889 1765 947 tria
1796 907 1982 965 neque
2010 887 2299 949 traaaffe
2350 931 2383 956 ‚

315 986 436 1046 quo
467 965 855 1041 proposuerat:
896 961 1050 1039 quod
1082 961 1200 1020 fieri
1231 962 1404 1022 solere
1435 981 1552 1021 non
1584 964 1755 1024 semel
1783 964 2321 1026 animadvertimus
2346 984 2370 1020 ε

315 1056 381 1110 ut
411 1045 471 1108 in
503 1042 592 1100 lib.
631 1060 675 1104 1.
711 1038 781 1101 de
813 1041 1024 1102 invent.
1101 1038 1539 1114 Confiderandum
1567 1040 1633 1111 est
1653 1082 1670 1107 ,
1708 1040 1924 1117 inquit,
1959 1041 2378 1100 aninratt‘om

316 1109 392 1185 a'n
421 1118 476 1176 in
494 1116 680 1193 firipto
700 1112 777 1190 fit
807 1110 1162 1189 controversia.
1239 1116 1385 1188 Mox
1416 1113 1484 1172 de
1513 1114 1714 1190 scripto
1748 1117 1896 1192 prius
1927 1134 2103 1193 quam
2138 1116 2216 1174 de
2249 1135 2371 1174 ra-

316 1196 478 1260 tione
509 1195 638 1267 agit.
675 1191 749 1256 Et
771 1193 840 1250 in
868 1191 959 1248 lib.
992 1208 1044 1247 2.
1084 1190 1199 1248 Hic
1231 1207 1416 1266 neque
1450 1191 1610 1249 fac-ile
1644 1192 1719 1249 est
1752 1209 1937 1268 neque
1952 1190 2359 1251 necefi‘arium

318 1267 668 1343 distinguere.
741 1266 932 1324 Primo
962 1266 1093 1324 loco
1126 1308 1144 1336 ,
1182 1284 1302 1324 non
1334 1263 1690 1328 necessarium
1712 1309 1729 1334 ,
1768 1267 1970 1327 deinde
2000 1286 2126 1326 non
2161 1268 2360 1333 facile

314 1346 534 1425 probat.
571 1345 764 1420 Atque
781 1339 1013 1418 ipsemet
1042 1342 1245 1400 Cicero
1279 1343 1335 1399 in
1367 1340 1571 1401 eodem
1601 1343 1689 1401 lib.
1720 1356 2058 1419 praeceperat
2076 1383 2096 1414 ,
2137 1356 2203 1401 ut
2221 1345 2356 1419 pri-

320 1440 419 1492 ma
490 1437 693 1496 uaeque
723 1436 877 1494 parS,
915 1426 1082 1493 prout
1112 1436 1179 1483 ex
1220 1416 1354 1475 ofita
1389 1415 1520 1476 effet
1552 1419 1611 1477 in
1643 1420 1973 1493 partitione,
2014 1417 2088 1477 fic
2130 1420 2359 1479 ordine

319 1440 720 1571 tranflgeretur.
801 1491 908 1552 Sed
937 1493 1078 1552 hanc
1110 1436 1218 1556 erg
1244 1492 1474 1567 figuram
1507 1494 1757 1556 ufitatam
1776 1537 1794 1564 ,
1829 1509 1893 1553 ut
1920 1512 2040 1554 non
2075 1514 2150 1554 eo
2183 1495 2366 1554 ordi·-

312 1591 397 1646 ne
431 1571 891 1647 respondeamuS,
931 1587 1047 1644 quo
1077 1569 1563 1643 proposuerimus,
1599 1573 1819 1632 notavit
1834 1571 2056 1631 Servius
2088 1571 2149 1630 in
2175 1573 2349 1648 prin-

324 1649 477 1722 cipio
506 1648 628 1706 libri
659 1646 826 1721 primi
854 1642 1084 1703 AEneid.
1124 1645 1220 1703 Illa
1249 1643 1420 1720 figura
1456 1647 1647 1720 ysteron
1668 1660 1904 1723 proteron
1932 1646 2137 1706 dicitur
2153 1669 2173 1713 ;
2212 1665 2345 1725 qua

318 1726 451 1798 'usus
479 1724 553 1781 est
582 1723 695 1796 ipse
727 1721 930 1779 Cicero
952 1762 969 1789 ,
1007 1722 1068 1778 in
1139 1721 1330 1795 rincip.
1367 1734 1502 1780 orat.
1537 1741 1640 1798 pro
1737 1723 1966 1783 ninstiO.

401 1799 499 1864 Ad
518 1800 701 1872 forum
731 1795 1033 1872 descendenti
1062 1810 1105 1853 tt
1137 1797 1181 1875 ι’]
1222 1798 1460 1872 proprie.
1538 1798 1693 1860 Nam
1760 1798 1988 1858 abitavit
2024 1798 2228 1859 Cicero
2262 1802 2336 1860 in

322 1875 555 1936 Palatio.
606 1873 740 1931 Pub.
768 1870 987 1936 Victor.
1042 1880 1107 1928 In
1138 1875 1321 1946 regione
1350 1875 1556 1930 decima.
1633 1874 1842 1934 Forum
1873 1886 2067 1935 autem
2100 1893 2337 1951 campus

328 1952 406 2014 est
435 1953 576 2010 inter
607 1947 918 2014 Palatinum
936 1947 1432 2026 Capitolinumque
1462 1950 1664 2010 collem
1686 1992 1704 2019 ,
1721 1962 1782 2008 ut
1796 1952 1996 2011 Livius
2013 1991 2030 2017 ,
2047 1950 2139 2008 lib.
2167 1972 2214 2009 1.
2246 1955 2338 2011 Ex

323 2030 443 2089 hoc
474 2025 630 2085 fluxit
661 2024 828 2084 illud:
870 2022 1166 2100 Descendere
1198 2023 1268 2082 ad
1296 2025 1660 2089 accusandum
1691 2047 1707 2086 :
1747 2028 1907 2103 quod
1934 2046 1993 2086 m
2025 2028 2157 2085 foro
2176 2029 2334 2103 judi-

328 2105 416 2162 cia
445 2114 848 2164 exercerentur.
922 2099 1017 2166 De
1049 2100 1161 2167 hoc
1191 2112 1381 2166 autem
1415 2101 1566 2176 epist.
1600 2103 1684 2161 16.
1713 2102 1834 2167 libri
1855 2123 1900 2168 1.
1931 2101 2000 2164 ad
2027 2103 2150 2160 Att.
2191 2112 2334 2162 Cum

329 2180 403 2243 ad
417 2180 600 2253 fhrum
619 2177 795 2253 stipati
818 2175 1041 2252 gregibus
1071 2175 1383 2235 amicorum
1417 2176 1814 2239 descendimus.

409 2254 754 2332 Meditatum]
794 2253 853 2310 in
884 2251 1129 2329 patiendi
1156 2251 1551 2324 fignificatione
1565 2276 1585 2320 ;
1605 2255 1764 2330 quod
1791 2257 2047 2334 frequens
2079 2260 2153 2319 est
2179 2260 2335 2334 apud

328 2332 420 2390 M.
456 2328 730 2389 Tullium.
809 2328 873 2386 In
902 2327 1107 2403 scriptis
1140 2327 1425 2387 codicibus
1454 2329 1651 2403 legitur
1671 2372 1688 2398 ,
1727 2334 2081 2392 meditandum
2110 2336 2192 2392 hoc
2210 2335 2287 2409 sit
2306 2355 2331 2393 ε

330 2407 396 2479 ἃ
428 2407 486 2465 in
519 2404 628 2463 fine
661 2405 829 2463 etiam
852 2445 869 2479 ,
907 2402 1004 2473 ubi
1019 2404 1241 2480 epilogo
1271 2405 1474 2473 mitum
1493 2406 1734 2480 Quotidie
1749 2407 1820 2469 ad
1830 2410 2014 2481 forum
2030 2410 2335 2487 descendenti

327 2481 688 2557 meditandum
722 2480 809 2536 hoc
841 2477 926 2555 effe
955 2480 1266 2547 dixeramus,
1448 2544 1451 2547 Α
1564 2479 1574 2487 ’

414 2556 651 2622 Nominis
680 2554 994 2633 novitatem]
1025 2556 1146 2632 jam
1182 2557 1377 2631 incipit.
1407 2570 1685 2635 praecepta
1713 2559 1959 2621 tradere:
2000 2563 2062 2622 &
2088 2564 2330 2638 primum

377 2634 569 2692 uidem
589 2675 608 2700 ,
688 2630 807 2716 uod
833 2631 890 2687 in
923 2647 994 2687 eo
1027 2632 1497 2705 impedimentum
1531 2636 1596 2693 fit
1629 2637 1939 2696 maximum
1974 2678 1992 2706 ,
2031 2644 2331 2715 proponit,

342 2728 399 2786 ‚j
427 2726 645 2789 quomo
687 2726 723 2764 o
758 2724 810 2765 ei
842 2718 1127 2773 occurrat:
1168 2719 1292 2766 tum
1326 2711 1523 2785 quibus
1556 2713 1857 2778 rationibus
1887 2731 2014 2775 eam
2045 2733 2167 2774 rem
2198 2717 2326 2774 faci.

332 2785 537 2845 liorem
571 2783 749 2867 faciat.
790 2779 968 2856 Quod
1002 2780 1166 2856 igitur
1198 2786 1444 2844 maxime
1478 2786 1718 2846 obstabat
1750 2789 2047 2857 Ciceroni,
2087 2792 2195 2866 ipsa
2214 2802 2329 2851 erat

335 2860 583 2920 nominis
614 2868 848 2927 novitas.
924 2856 1077 2933 Nam
1111 2860 1592 2935 quemadmodum
1624 2881 1821 2925 omnes
1852 2865 1985 2926 boni
2001 2865 2213 2943 semper
2228 2886 2331 2927 no-

281 2968 292 2986 e
331 2932 537 3009 bilitati
566 2936 794 2999 favent,
835 2943 959 3017 tum
989 2935 1121 3010 quia
1155 2936 1290 2997 utile
1325 2938 1399 2995 est
1426 2940 1743 3014 reipublicae
1773 2982 1792 3009 ‚
1828 2942 2042 3002 nobiles
2073 2944 2329 3005 homines

338 3009 449 3070 effe
484 3011 678 3086 dignos
712 3008 1011 3084 majoribus
1040 3009 1143 3068 suis
1175 3053 1190 3080 ‚
1229 3024 1353 3070 tum
1387 3016 1516 3090 quia
1551 3016 1698 3079 valet
1728 3018 2001 3078 clarorum
2028 3020 2333 3089 hominum

339 3086 403 3146 &
433 3088 573 3145 bene
607 3084 677 3143 de
708 3102 821 3159 rep.
853 3086 1183 3171 meritorum
1214 3092 1527 3157 memoria;
1567 3091 1734 3157 etiam
1752 3103 2144 3161 mortuorum:
2184 3097 2333 3155 utest

338 3166 402 3225 in
435 3175 571 3238 otgit.
604 3161 987 3236 proP.Sext10
1009 3204 1026 3230 ,
1066 3161 1138 3220 fic
1165 3164 1485 3232 horninibus
1515 3167 1676 3230 novis
1706 3170 1825 3232 fere
1852 3168 2059 3229 solebat
2088 3170 2335 3232 invideri.

340 3231 543 3298 Sallust.
578 3238 634 3294 in
670 3237 940 3310 Catilina,
980 3237 1051 3297 de
1083 3240 1361 3303 M.Tullii
1391 3243 1697 3317 petitione:
1738 3246 1923 3307 Antea
1954 3246 2101 3321 plera
2142 3266 2211 3307 ue
2225 3268 2332 3307 no-

341 3315 518 3380 bilitas
549 3312 1086 3400 mvidia‚aestu³b²{tz
1123 3317 1183 3380 ὃς
1216 3316 1366 3392 quafi
1400 3319 1576 3393 pollui
1609 3319 1953 3387 consulatum
1970 3323 2131 3383 crede
2167 3336 2248 3392 at,
2290 3321 2330 3395 ii

342 3409 507 3459 cum,
548 3405 801 3464 quamvis
833 3405 1121 3465 egmgrm,
1157 3393 1336 3450 homo
1370 3412 1551 3457 novus
1583 3394 1810 3470 adeptus
1840 3398 2001 3455 foret.
2043 3399 2227 3469 Idem,
2265 3401 2324 3459 in

342 3468 491 3545 bello
511 3466 699 3540 Jugur,
775 3466 1114 3545 Consuq'qtum
1134 3469 1363 3529 nobilitas
1392 3470 1525 3533 inter
1544 3469 1599 3545 fi
1621 3483 1711 3547 per
1742 3492 1931 3530 manus
1945 3476 2205 3534 tradebat:
2241 3496 2328 3534 7207·

346 3563 449 3609 vus
480 3544 621 3598 nimo
652 3557 764 3596 tam
793 3542 955 3609 clarus
992 3563 1050 3611 no
1086 3564 1143 3599 ue
1176 3558 1291 3613 tam,
1318 3546 1525 3621 egregius
1543 3547 1706 3619 fastis
1735 3564 1847 3609 erat
1863 3591 1882 3618 ,
1899 3551 2083 3629 quinis
2110 3554 2325 3627 indigna}

344 3618 427 3702 juo
460 3619 639 3672 bonu-e
658 3659 673 3683 ,
717 3633 782 3676 (γ’
814 3615 960 3694 quast
978 3619 1200 3692 polanus
1231 3621 1513 3679 haberetur.

425 3690 640 3779 ,ρρεςηᾷὶ
666 3691 826 3777 ςίᾳνὶρ
855 3693 1103 3773 maxime]
1147 3696 1205 3768 in
1238 3709 1375 3767 orat.
1407 3717 1510 3791 pro
1543 3700 1610 3761 L.
1627 3703 1902 3779 Murena:
1943 3714 2071 3775 ,Dua
2092 3705 2216 3789 fiant
2240 3725 2322 3775 ars·

2229 3797 2325 3862 “52
2426 3834 2437 3845 s
