2514 4438
404 246 506 301 m
552 222 755 300 Lrn.
805 220 953 299 Er.
1005 231 1134 318 ‚ab
1179 189 1762 299 Mzssktl-'rumi
1986 197 2135 333 ι4ᾁ

163 352 247 408 m
278 361 419 403 nunc
457 343 688 422 'ndiu‚]
767 343 859 401 uia
888 340 1100 412 video,
1142 345 1211 400 e'x
1240 341 1532 411 iisrebus,
1570 360 1706 420 quas
1739 358 1929 417 geres,
1968 346 2115 405 mul-

89 433 225 482 tum
262 439 395 481 acce
480 438 604 479 rum
644 418 714 479 ad
786 419 1074 495 ignitatem
1105 428 1303 487 tuam,
1350 430 1485 478 tunc
1515 417 1573 477 id
1606 416 1712 477 effe
1747 419 2124 495 erep.intelli-‘

87 500 302 575 gebam
324 540 342 568 ,
383 513 535 557 nunc
554 495 698 555 etna
715 496 885 554 etiam
905 495 1171 570 dignitate
1177 495 1378 571 judico
1397 496 1646 554 futurum
1664 518 1682 562 ;
1728 512 1856 556 cum
1878 498 1951 557 ita
1986 511 2041 557 te
2058 498 2139 557 &-

84 576 272 652 copiis
307 572 634 633 instrustum
669 614 687 642 ,
728 574 789 631 δε
818 573 1011 644 animo
1045 583 1299 646 paratum
1320 569 1579 640 videam,
1619 573 1757 629 ut&
1789 592 1960 648 remp.
1980 575 2039 634 in
2051 575 2119 635 li·-

92 653 376 711 bertatem
411 647 693 710 vindicare
711 690 730 720 ,
771 649 832 705 &
861 658 917 707 te
950 648 1130 723 ipsum
1159 645 1409 707 laudibus
1439 647 1692 706 illustrare
1724 643 1901 723 posfis.

169 729 426 785 Maximo
453 726 578 804 otio]
620 725 694 783 ita
722 737 938 782 veteres
969 724 1126 791 libri,
1165 723 1280 782 fine
1312 722 1487 792 dubio,
1501 724 1783 783 mendose.
1813 726 1950 803 quid
1966 730 2121 792 enim

100 804 322 864 elicitur
353 802 642 862 sententiae
678 803 701 857 ἓ
742 817 848 875 ego
883 800 1105 859 mallem
1141 840 1158 866 ,
1196 799 1437 856 maximo·
1470 801 1642 856 animo
1677 844 1693 869 ,
1733 820 1850 859 non
1885 799 2137 863 omnino‘

98 880 365 957 procula
399 891 590 938 vetere
620 876 892 952 scriptura.
924 894 1057 934 nam
1091 874 1167 944 fi,
1206 876 1417 943 animo,
1455 877 1623 934 tribus
1655 876 1942 937 dumtaxat
1976 873 2139 940 litte(

101 959 172 1015 ris
191 998 209 1024 ,
245 956 398 1014 linea
428 951 842 1030 superimposita
860 995 877 1023 ,
917 951 1107 1010 scribas
1128 994 1144 1019 ,
1183 949 1255 1008 fic
1293 992 1309 1019 ,
1360 952 1439 1007 aio
1470 974 1488 1018 ;
1545 970 1729 1030 neque
1761 959 1952 1014 contra
1990 974 2128 1018 con-

102 1033 461 1091 suetudinem
498 1031 663 1089 facias
684 1071 701 1097 ,
740 1029 799 1087 &
831 1029 1052 1088 facilem
1086 1025 1245 1086 fuifl'e
1278 1047 1382 1096 ex,
1418 1028 1591 1094 animo
1611 1072 1628 1097 ,
1669 1031 1760 1100 in,
1798 1033 2143 1102 otio,muta-,

111 1109 331 1168 tionem
354 1151 372 1177 ,
412 1107 573 1165 facile
606 1105 907 1182 perspicias.
1125 1117 1132 1120 ·
1167 1113 1180 1122 ²
1509 1116 1517 1122 ·

179 1184 439 1242 Antonios
455 1184 515 1263 ,]
557 1195 664 1240 tres
683 1183 870 1240 fratres
887 1226 904 1251 ,
942 1169 1203 1258 Marcum
1227 1224 1243 1250 ,
1266 1180 1470 1240 Caium
1492 1223 1508 1250 ,
1528 1181 1772 1242 Lucium
1794 1202 1808 1240 ε
1829 1187 1928 1260 qui
1945 1198 2007 1244 ut
2022 1188 2145 1249 ho-

97 1259 196 1321 stes
229 1282 263 1323 a
305 1262 496 1320 senatu
504 1256 883 1337 judicarentur
902 1301 919 1326 ,
952 1257 1200 1316 maxime
1219 1258 1506 1315 Ciceronis
1522 1258 2130 1335 operaestperfe&um.

193 1348 369 1418 Neque
384 1331 646 1395 dementia
662 1350 755 1391 tuae
774 1333 1012 1412 concedo]
1038 1348 1225 1409 neque
1262 1332 1515 1392 concedo
1534 1375 1552 1403 ,
1592 1337 1922 1394 clementior
1939 1349 1999 1396 ut
2018 1340 2133 1416 ipse

119 1414 185 1474 fis
206 1458 224 1484 ‚
266 1429 436 1492 quam
472 1428 579 1486 ego
614 1407 755 1469 sum.
975 1451 980 1462 .
1340 1413 1343 1424 '
1424 1468 1430 1476 ,
2138 1413 2143 1416 ’

200 1500 416 1548 Inanem
435 1487 667 1568 speciem]
724 1486 799 1545 est
830 1486 982 1548 enim
1016 1485 1314 1546 clementia
1343 1483 1525 1560 specie
1557 1486 1783 1564 quidem
1819 1490 2079 1564 praeclara
2112 1497 2148 1568 a}

96 1566 214 1626 sed
248 1584 307 1626 re
338 1564 447 1642 ipsa
481 1579 915 1639 nonnumquam
947 1563 1402 1638 pernssiciosa.'qui
1434 1562 1584 1621 enim
1618 1565 1692 1622 ita
1724 1566 1848 1624 sunt
1895 1568 2147 1643 perditi„

121 1656 183 1701 ut
213 1661 286 1702 ne
321 1640 598 1701 beneficio
613 1638 846 1717 quidem
878 1636 1064 1697 affecti
1096 1637 1426 1713 pravitatem
1460 1640 1660 1698 mentis
1678 1660 1882 1700 exuere
1896 1643 2139 1719 poffint,
2230 1632 2240 1647 “

120 1721 332 1794 praestat
367 1735 465 1777 eos
491 1717 685 1775 tollere
704 1758 721 1787 ,
760 1732 930 1792 quam
961 1714 1187 1774 servare.
1264 1711 1460 1773 Brutus
1493 1727 1720 1786 tamen,
1760 1735 1892 1777 cum
1931 1720 2141 1779 C.An-

123 1797 285 1855 tonio
315 1795 390 1855 de
424 1795 700 1851 concitata
727 1789 996 1849 seditione
1032 1788 1357 1866 pepercisset
1377 1832 1394 1859 ,
1435 1791 1640 1851 iterum
1673 1793 1757 1862 ei,
1795 1796 1856 1853 in
1886 1794 2138 1870 ejusdem

128 1873 302 1947 culpae
336 1871 570 1929 crimine
603 1868 943 1944 deprehenso
964 1908 981 1935 ,
1020 1868 1245 1925 veniam
1278 1867 1485 1938 tribuin
2074 1903 2079 1908 -

202 1949 342 2006 Mihi
372 1945 574 2027 quidem
608 1946 741 2023 cra]
796 1942 951 2022 quod
991 1944 1050 2014 in
1083 1942 1307 2018 epistola
1337 1942 1407 2000 ad
1439 1943 1695 2004 Atticum
1725 1944 1928 2006 Graece
1962 1946 2135 2018 dixit,

125 2027 404 2103 βεξίωιαμ
448 2022 539 2079 hic
571 2022 773 2079 Latine
791 2024 832 2094 ,ᾗ
858 2020 1119 2079 Plautinis
1155 2019 1332 2077 verbis
1352 2062 1369 2087 ,
1408 2022 1528 2076 afta
1562 2037 1677 2078 atas
1703 2024 1783 2098 est.
1824 2025 1882 2081 ὅ(
1914 2024 2057 2081 inter
2074 2025 2139 2083 il-

128 2108 242 2166 lum
273 2108 466 2166 locum
487 2152 505 2179 ,
544 2109 602 2166 &
635 2108 787 2167 hunc
820 2110 1166 2187 aliquantum
1196 2106 1272 2166 est
1292 2107 1362 2165 ¹in
1380 2107 1647 2186 sententia
1664 2109 2157 2184 similitudinis-ibi·

54 2254 60 2267 ³
126 2185 311 2257 enim,
348 2185 476 2244 mihi
511 2184 708 2265 quidem
738 2188 982 2266 βεέίατας
1012 2215 1028 2268 3
1074 2184 1300 2265 viderim
1319 2183 1571 2263 juvenes:
1611 2187 1739 2258 hic,

275 2389 319 2420 „
358 2348 496 2405 Mihi
521 2332 723 2429 quidem'
759 2364 875 2405 atas
905 2350 1212 2425 ablaserme
1238 2351 1308 2422 est
1326 2391 1345 2419 ,
1385 2336 1481 2408 ina
1506 2336 1635 2425 illuc
1667 2354 1816 2424 reftrt
1848 2354 2092 2422 maxime.

133 2500 465 2567 emendandi
497 2514 688 2561 autem
721 2501 841 2558 sunt
861 2542 879 2569 ,
898 2499 994 2576 qui
1011 2500 1157 2576 typis
1191 2500 1430 2575 impreffi
1463 2503 1925 2562 circumferuntur
1945 2503 2143 2569 ,Plau-

129 2580 227 2641 ti‘ni
263 2581 564 2647 libriffinam
587 2618 605 2645 ,
645 2586 704 2634 ut
737 2577 796 2634 in
826 2577 890 2634 iis
917 2593 1072 2633 nunc
1099 2577 1358 2640 omnibus
1390 2579 1624 2652 legitur,

200 2698 240 2726 „
281 2655 422 2712 Mihi
451 2655 652 2732 quidem
685 2667 801 2709 atas
831 2656 952 2708 atta
984 2653 1083 2725 est3
1126 2667 1220 2708 tua
1233 2653 1357 2725 istuc
1375 2657 1524 2728 refirt
1539 2655 1799 2721 maxime;
1841 2652 2022 2712 versus
2039 2672 2143 2714 ne·

138 2728 246 2808 que
265 2733 541 2809 Jambicus
574 2726 681 2787 effe
700 2771 717 2797 ‚
756 2746 940 2805 neque
971 2728 1282 2788 trochaicus
1313 2731 1506 2804 potest.
1538 2733 1725 2809 itaque
1742 2730 1912 2789 distio
1934 2733 2143 2802 ‚servm

137 2808 261 2867 illuc
292 2810 367 2867 est
399 2826 467 2867 ex
500 2808 612 2864 hoc
646 2804 933 2862 Ciceronis
963 2804 1092 2863 loco
1122 2807 1510 2866 transferenda.

166 2893 417 3018 Οεειιιιὲίιις
440 2883 651 2970 μανψ]
692 2880 748 2939 se
781 2880 961 2956 ipsum
992 2880 1267 2955 defignat:
1310 2883 1465 2959 cujus
1498 2884 1603 2942 fuit
1635 2884 1692 2943 in
1707 2883 1898 2943 senatu
1913 2882 2148 2960 fingula-

139 2977 204 3020 ns
236 2980 308 3020 au
368 2974 551 3019 oritas.
607 2964 618 2975 '
1199 2986 1224 2999 ··
1310 2988 1317 2989 ff

33 3078 34 3101 2
210 3045 295 3095 Ex
328 3037 555 3115 oraculo]
597 3051 745 3094 vere.
777 3051 910 3092 nam
945 3075 965 3103 ,
1001 3043 1066 3091 ut
1098 3033 1301 3094 Cicero
1334 3029 1581 3105 futurum
1612 3036 1859 3113 providit
1891 3078 1908 3105 ,
1948 3035 2022 3094 ita
2056 3053 2150 3095 ce-

33 3110 36 3171 l
140 3111 284 3172 cidit.
317 3114 376 3172 in
405 3130 525 3190 quo
558 3111 883 3187 singularem
917 3110 1055 3168 illius
1087 3112 1601 3186 prtidentiamQJicet
1631 3115 1939 3189 agnoscere.
1980 3111 2154 3172 caus-

33 3188 36 3203 '
138 3189 207 3248 sae
239 3206 466 3260 autem,
504 3189 732 3265 in¹quas
764 3189 983 3245 intuens
1001 3189 1383 3258 movebatur,
1424 3202 1484 3247 ut
1501 3188 1714 3248 affiduis
1733 3190 1864 3248 &in
1884 3192 2008 3247 eam
2025 3187 2151 3248 sen·

137 3268 372 3326 tentiam
405 3265 800 3324 accuratiffime
831 3264 1036 3338 scriptis
1065 3265 1254 3323 litteris
1289 3264 1521 3325 Brutum
1558 3267 1614 3325 in
1649 3265 1862 3325 Italiam
1914 3264 2154 3333 accerse-

136 3353 250 3413 ret,
288 3341 618 3418 hujusmodi
651 3343 1034 3399 ferme.erant.
1075 3340 1413 3400 Imminebat
1449 3342 1534 3402 M.
1568 3344 1847 3401 Antonius
1875 3341 2156 3412 libertati,

181 3420 424 3487 ecuniis,
465 3436 598 3495 quas
630 3415 700 3474 de
730 3415 945 3490 templo
977 3418 1118 3494 Opis
1147 3419 1467 3488 abstulerat,
1508 3419 1888 3495 &legionibus
1908 3460 1925 3487 ,
1964 3433 2153 3493 quase
2208 3454 2221 3459 -

241 3494 480 3554 cedonia
513 3495 570 3552 in
606 3493 819 3552 Italiam
852 3505 1224 3564 evocaverat,
1262 3494 1564 3554 instruetus.
1596 3493 1909 3571 praesidium
1943 3493 2075 3567 reip.
2096 3493 2178 3568 ἰιᾌν-Κ

39 3614 46 3625 .
142 3578 403 3647 quattuor
433 3572 677 3630 maxime
708 3569 1028 3628 hominibus
1060 3582 1208 3640 erat,
1248 3571 1305 3629 in
1342 3571 1422 3650 D,
1435 3572 1608 3630 Bruto
1627 3615 1644 3641 ,
1685 3570 1780 3648 qui
1799 3568 2033 3628 Galliam
2057 3563 2161 3626 cis-

149 3647 381 3722 alpinam
421 3690 439 3717 ,
476 3666 509 3706 a
542 3647 730 3705 senatu
758 3646 942 3706 datam
964 3688 980 3715 ,
1019 3644 1425 3706 administrabat
1456 3671 1472 3714 ;
1514 3649 1571 3709 in
1602 3647 1949 3706 adolescente
1978 3643 2157 3702 oeta-

145 3722 349 3795 viano,
389 3724 487 3803 qui
517 3724 736 3799 privato
774 3723 1005 3783 confilio
1029 3724 1340 3787 exercitum
1372 3736 1827 3801 comparaverat;
1868 3722 1926 3780 in
1959 3720 2156 3778 consu-

145 3795 281 3864 libus
298 3810 331 3877 ,'
354 3799 555 3877 Pansa.
598 3800 659 3863 &
687 3799 882 3865 Hirtio
899 3841 921 3880 ,
956 3801 1100 3885 qui,
1125 3794 1348 3942 dell'etfftu
1372 3800 1638 3864 acerrime
1664 3799 1855 3864 habito
1874 3841 1894 3871 ,
1910 3814 2023 3940 leas
2042 3795 2167 3929 col}

669 3936 675 3942 .
879 3900 890 3913 ⁸
1933 3888 2138 3955 egeran
