2514 4438
293 197 435 336 434
529 238 819 312 Pam..
871 221 1263 308 Manu-r.
1314 225 2131 332 CoMMENTAnms'

294 343 308 351 ’
375 355 600 488 Βεὶἱεὶίἓ
642 355 808 442 igitur
825 361 860 423 ,’
881 352 1187 431 perniciosa
1201 354 1425 414 licentia
1444 392 1465 425 ,
1501 333 1615 432 qua
1640 350 1738 412 fibi
1753 367 1957 411 eorum
1974 345 2219 413 animos
2237 343 2373 415 irrr‘³

295 436 526 509 perator
597 432 823 490 evinxit.
1193 437 1196 442 ’
1255 479 1266 490 .
1688 497 1693 502 ,
2020 439 2021 442 ’
2124 499 2127 500 ⁷
2454 457 2455 480 z

299 576 306 580 ,
378 507 697 584 Imperatoris
729 505 990 640 iqblentia
1091 506 1159 567 ui
1192 527 1261 570 ex
1292 506 1527 568 victoria
1561 506 1638 565 ita
1670 495 1905 565 insolens
1936 503 2014 563 est
2029 502 2230 574 fastus
2253 546 2276 573 ‚
2292 513 2368 563 ut

301 583 646 658 consulatum
681 601 752 642 au
795 594 880 642 eat
913 590 1009 658 poi
1036 526 1199 643 sare.
2176 657 2182 662 .

372 660 501 735 Pag.
542 676 663 732 127.
705 660 1061 734 fugiebant-ex
1098 658 1252 718 Italia
1272 659 1336 737 ,]
1403 657 1461 716 in
1496 659 1803 717 Graeciam'
1849 654 2196 716 roficiscenS.
2237 673 2373 735 quar

299 745 423 796 tota
455 737 525 794 de
557 755 616 794 re
649 736 863 811 plenius
893 737 951 794 in
984 733 1289 811 Philippica
1326 754 1373 793 1.
1410 736 1469 792 &
1503 736 1650 810 epist.
1686 753 1717 791 2
1762 778 1773 792 .
1826 732 1925 792 ibt.
1960 741 2087 792 ΧΠ.
2108 734 2280 793 fam.

382 813 690 891 Vestreirum]
732 811 922 878 Bruti,
961 812 1021 869 &
1055 812 1250 870 Caffii:
1293 809 1363 867 de
1396 810 1590 886 quibus
1621 810 1758 868 Ph'.
1799 827 1846 868 1.

382 886 599 965 Confilio
616 930 632 956 ,
674 906 740 949 ω’
769 887 1101 963 austeritate]
1141 886 1555 945 adolescentem*
1584 888 1738 945 enim
1775 928 1793 955 ,
1830 881 2097 944 militibus
2134 884 2369 943 instru-

305 964 500 1036 ctum,
540 963 805 1032 confili0‚
844 980 960 1038 quo
994 964 1083 1022 ina
1112 976 1244 1022 aetas
1278 961 1528 1037 indiget,
1557 963 1684 1038 juvi
1712 1003 1729 1031 ‚
1769 962 1829 1019 &
1859 957 2217 1020 auaoritate·
2250 978 2369 1038 pu·

302 1038 451 1112 blica
481 1052 672 1098 contra
703 1040 1023 1098 Antonium
1056 1039 1285 1098 armavi.
1321 1039 1639 1099 Plutarchus
1671 1039 1733 1096 in
1766 1037 1886 1095 Cic'.

388 1117 556 1191 Magis
590 1159 608 1186 ,
648 1136 810 1194 quam
839 1116 1034 1174 eventis
1067 1136 1238 1173 rerum
1256 1118 1320 1251 Ἰ]
1360 1126 1599 1190 tyranno
1636 1115 1788 1173 enim
1819 1131 1851 1170 a
1884 1125 1949 1172 te‘
1983 1113 2318 1173 interfeRO
2338 1147 2367 1183 ,ς

305 1181 525 1324 ἔψεξας·
560 1193 825 1329 ςοᾶιίεςηί
854 1191 1075 1251 dehuit:
1116 1211 1232 1272 quo
1310 1207 1436 1249 ecus
1455 1190 1686 1250 accidit:
1727 1206 1845 1251 non
1861 1189 2000 1250 dum
2019 1191 2180 1250 enim
2196 1191 2359 1267 resp.

335 1285 391 1326 ui
442 1286 550 1327 uris
580 1287 612 1328 e
657 1315 670 1329 .
2386 1311 2395 1314 -

387 1288 655 1427 ssraesikiiis]
694 1347 956 1423 Principiis
972 1389 989 1416 ,
1028 1344 1136 1406 ess'e
1168 1344 1337 1406 video
1370 1345 1431 1403 in
1463 1345 1700 1421 antiquis
1731 1344 1912 1404 libris:
1956 1356 2102 1419 quos
2132 1359 2265 1419 ego
2274 1342 2351 1401 li-

308 1415 508 1481 benter
536 1423 689 1500 sequi
721 1425 889 1482 soleO.
919 1423 1010 1481 hic
1040 1436 1229 1481 tamen
1263 1434 1433 1481 teneo
1452 1440 1544 1480 me
1563 1421 1862 1497 paullisper.
1881 1437 2015 1477 narn
2036 1418 2134 1477 etfi
2154 1419 2350 1496 ,prin-

310 1499 434 1573 cipia
469 1543 486 1568 ,
520 1500 712 1558 locum
747 1502 804 1558 in
836 1500 1010 1557 castris
1044 1498 1201 1558 fuiffe
1237 1542 1254 1568 ,
1293 1517 1412 1557 non
1443 1498 1642 1573 ignoro
1677 1518 1690 1555 :
1732 1497 1873 1556 mihi
1902 1506 2097 1553 tamen
2138 1511 2311 1553 nove
2332 1527 2364 1562 ,-

311 1592 420 1631 nec
449 1575 567 1634 satis
601 1576 670 1635 ad
703 1575 1120 1650 exprimendam
1151 1575 1478 1632 sententiam
1514 1573 1950 1632 accommodate
2003 1570 2226 1630 dietum·
2260 1572 2354 1629 vi-

308 1649 493 1707 detur.
527 1668 623 1709 cur
653 1654 805 1709 enim
827 1695 842 1720 ,
880 1652 935 1708 in
958 1651 1209 1726 principiis
1241 1652 1524 1724 vestrorum
1555 1651 1831 1722 castrorum
1849 1692 1866 1718 ,
1907 1649 2096 1722 potius
2125 1664 2363 1723 quams

312 1723 370 1781 in
403 1727 579 1798 vestris
607 1727 819 1800 castris?
859 1727 1054 1803 quibus
1089 1729 1148 1784 in
1178 1729 1309 1785 totis
1328 1738 1475 1784 certe
1496 1769 1513 1795 ‚
1551 1725 1662 1784 hoc
1682 1725 1755 1783 est
1773 1767 1789 1794 ,
1828 1728 1886 1800 in
1904 1723 2162 1782 universo
2179 1724 2348 1781 Bruti

316 1802 601 1872 exercitu,
640 1822 755 1862 non
790 1805 846 1862 in
877 1804 1151 1879 principiis
1172 1846 1192 1870 ‚
1227 1802 1342 1860 hoc
1378 1802 1487 1871 est,
1526 1801 1584 1859 in
1618 1814 1772 1876 parte
1803 1802 1987 1877 aliqua
2008 1843 2025 1868 ,
2063 1799 2179 1874 spes
2218 1811 2344 1857 erat

309 1875 494 2009 posita
525 1879 798 1938 libertati&
822 1880 1054 1957 presidiis
1072 1923 1088 1948 ‚
1106 1880 1197 1937 vel
1227 1898 1369 1937 unus
1402 1879 1658 1954 antiquus
1688 1878 1824 1935 liber
1857 1876 1896 1934 s1
1922 1876 2149 1936 haberet
2170 1918 2185 1943 ,
2206 1894 2351 1951 pro-³

356 1969 506 2012 arem
540 1958 720 2014 multo
753 1958 924 2031 magis
946 1999 964 2025 ,
1003 1974 1211 2033 quam,
1242 1956 1509 2033 principiis.
1541 1952 1672 2012 effet
1704 1964 1890 2030 aperta
1917 1952 2226 2021 sententia,
2261 1950 2343 2010 ef·

317 2029 399 2087 set
430 2030 620 2090 usitata
651 2034 884 2092 locutiO.

397 2105 487 2162 Ab
519 2094 836 2188 occidente,]
878 2110 936 2166 in
967 2108 1250 2182 Hispania.
1284 2108 1508 2167 videtur
1541 2108 1769 2167 Sextum
1791 2148 1809 2176 ,
1845 2103 2111 2181 Pompeji
2141 2104 2349 2180 Magni

313 2177 531 2249 filium,
573 2185 633 2241 &
663 2183 920 2242 Afimum
948 2183 1265 2261 Pollionem
1300 2182 1618 2259 fignificare.
1932 2193 1939 2204 ⁴

397 2257 808 2338 Adolescenti52]
850 2259 1167 2318 Octaviani.
1208 2260 1468 2336 Sequitur
1494 2264 1571 2320 ita
1604 2272 1789 2337 aperta
1804 2260 2086 2320 translatio
2105 2302 2129 2328 ,
2161 2258 2333 2319 utin-

319 2331 554 2393 dicanda
584 2353 701 2393 non
733 2334 794 2392 fit
812 2358 830 2403 3
862 2333 1122 2407 firmum,
1159 2335 1474 2408 labefactant
1493 2381 1511 2406 ,
1548 2353 1837 2395 moveatur.

398 2412 736 2486 Quantulum
767 2412 941 2491 reliqui
969 2413 1116 2491 est?]
1156 2411 1309 2489 quafi
1344 2410 1522 2472 dicat:
1564 2415 1701 2474 Mea
1733 2411 1896 2488 ipfius
1927 2408 2104 2471 cauffa
2120 2431 2239 2471 non
2255 2412 2344 2472 ni-

323 2486 432 2548 mis
457 2487 697 2547 dolebo:
739 2489 829 2547 cui
860 2488 1191 2565 quantulum
1225 2484 1362 2546 vitae
1389 2490 1623 2565 superest
1662 2490 1687 2548 ?
1724 2507 1827 2548 vos
1858 2488 1920 2549 id
1950 2489 2141 2566 potius
2169 2491 2347 2568 juve«

315 2579 426 2623 :nes
454 2565 734 2642 cogitate:
771 2584 1017 2645 quorum
1048 2564 1182 2624 istuc
1211 2565 1382 2625 refert
1413 2568 1679 2625 maxime.

759 2736 1913 2814 -EXPLANATIO

579 2912 651 3007 Ε
745 2913 807 2985 Ρ
902 2916 939 2988 1
1038 2916 1090 2990 s
1185 2915 1264 2987 T
1356 2912 1433 2988 o
1529 2912 1602 2988 L
1694 2913 1807 2988 AE
1944 2867 2127 2989 Χῖ.

292 3082 296 3087 ’
377 3068 670 3165 ‘Nullis
702 3088 1112 3165 consulibus.

338 3263 467 3340 Pag.
505 3264 625 3323 128.
669 3264 871 3363 ETin
903 3264 1125 3341 Casan,
1166 3272 1232 3329 (ἐν
1267 3265 1528 3345 Antonio]
1570 3264 1714 3336 fuit,
1754 3276 1884 3324 cum
1917 3263 2150 3323 Caesa'ris
2165 3262 2356 3323 nomi'-

319 3384 334 3393 .
759 3359 832 3399 ne
852 3342 1232 3402 Octavianum
1265 3346 1609 3417 acciperem:
1649 3361 1800 3402 nunc
1814 3341 1970 3400 aliter
2000 3341 2201 3399 sentio,
2219 3358 2357 3400 nam

341 3434 528 3494 neque
561 3415 631 3474 de
669 3416 988 3476 Octaviano
1024 3437 1198 3495 remp.
1232 3419 1603 3490 defendente,
1644 3438 1830 3498 neque
1848 3417 1916 3476 de
1933 3416 2147 3476 eodem
2176 3435 2357 3495 oppu-

245 3540 262 3549 -
340 3507 547 3570 gnante
579 3495 754 3569 accipi
788 3495 981 3569 potest.
1013 3493 1262 3554 defenfio
1295 3515 1412 3563 non
1444 3496 1581 3554 dum
1613 3498 1730 3573 ejus
1761 3497 1871 3554 ulla>
1900 3495 2079 3552 fuerat
2113 3537 2134 3563 ,
2169 3509 2355 3569 neque

341 3574 450 3629 fuit
483 3586 612 3630 ante
639 3571 1019 3630 Mutinensem
1053 3591 1333 3649 pugnam:
1375 3575 1718 3648 oppugnatio
1752 3575 1890 3631 item
1919 3567 2357 3646 null25nis1post

318 3646 662 3706 -Antonium
695 3647 764 3706 ad
798 3649 1081 3706 Mutinam
1114 3651 1554 3725 fugatum.‘ergo
1588 3651 1658 3708 de
1692 3650 2057 3717 ozftaviano,
2090 3665 2220 3705 non
2248 3646 2359 3712 est,

342 3732 405 3775 ut
436 3724 697 3795 poffimus
729 3726 1046 3798 intelligere.
1080 3725 1152 3784 de
1183 3727 1400 3784 Caesare
1431 3726 1702 3785 dictatore
1732 3726 1946 3786 dictum
1977 3726 2166 3803 potius
2202 3722 2352 3781 vide-

317 3806 450 3873 aur.
479 3797 570 3856 hic
601 3802 755 3861 enim
790 3803 1002 3876 primus?
1029 3842 1048 3872 ,
1102 3804 1221 3880 post
1267 3821 1401 3865 eum
1448 3804 1735 3868 Antonius
1779 3822 1957 3881 remp.
1990 3798 2357 3954 oppuggvsg

1577 3906 1582 3911 ·
2241 3892 2317 3934 uo
