2514 4438
331 244 474 313 'nt
818 225 992 300 Du
1088 218 1887 304 Pzrtaer1onfi

331 357 487 432 fimt
503 407 526 444 ,
570 366 766 446 atque
791 344 990 419 etiam
1024 343 1096 415 in
1133 341 1303 415 hanc
1329 342 1717 441 opinionem
1744 345 2123 419 adducendi
2153 403 2182 435 ‚
2234 351 2400 441 ut}

335 454 456 554 qui
483 447 688 523 nobis
703 445 924 517 adhuc
949 440 1227 541 obligati
1256 439 1537 534 fuerint,
1584 442 1660 516 iis
1688 443 1967 518 vicissim
1994 470 2124 519 nos
2157 444 2387 519 obli-

334 550 472 652 gari
509 545 691 646 poss'e
720 543 1090 616 videamur.
1184 539 1330 634 Qui
1357 560 1577 624 autem
1612 542 1653 613 s
1747 561 2095 635 tenentur,
2136 545 2376 643 quod

467 672 547 719 us
573 643 932 717 hominum
962 639 1180 711 multo
1210 639 1408 710 etiam
1433 639 1532 711 est
1557 641 1627 712 di
1656 641 1941 741 igentius
1969 662 2188 741 atque
2237 642 2375 716 ofi-

333 672 628 818 ffiofius
663 770 681 815 t
722 739 811 812 iis
842 739 944 810 fac
973 756 1054 809 ut
1081 735 1495 833 propofitum
1524 762 1601 810 ac
1649 759 1947 836 paratum
1986 740 2369 814 auxilium

335 862 535 917 tuum
564 841 691 915 effe
722 836 1020 911 videatur
1037 861 1053 906 :
1073 836 1364 932 denique
1389 856 1469 909 ut
1498 834 1927 934 spectatorem
1948 857 2015 912 te
2041 838 2365 913 suorum

335 941 716 1016 officiorum
763 934 894 1007 effe
937 931 1311 1032 intelligant
1350 933 1738 1034 diligentem
1783 963 1799 1008 z
1866 956 1944 1010 ut
1985 936 2237 1011 videre
2285 956 2367 1009 te

336 1039 534 1139 plane
565 1057 763 1132 atque
789 1031 1305 1106 animadvertere
1332 1089 1356 1122 ,
1414 1054 1740 1130 quantum
1781 1033 1821 1107 a
1858 1059 2358 1134 quoque-pro·

338 1138 699 1223 ficiscatur,
744 1149 1060 1230 appareat.
1158 1129 1478 1203 Tertium
1504 1131 1676 1206 illud
1707 1157 1916 1234 genus
1939 1134 2039 1206 est
2071 1133 2359 1207 studio-

335 1260 488 1309 rum
533 1230 987 1308 voluntarium
1021 1286 1043 1319 ‚
1105 1228 1293 1326 quod
1322 1230 1593 1328 agendis
1622 1232 1844 1331 gratiis
1872 1288 1895 1321 ,
1939 1257 2349 1305 accommo-

338 1333 572 1406 dandis
602 1327 1013 1402 sermonibus
1041 1328 1124 1397 ad
1156 1351 1257 1399 eas
1287 1329 1600 1421 rationes,
1645 1349 1916 1429 propter
2040 1356 2113 1403 as
2145 1330 2343 1428 quis·

339 1457 477 1529 que
505 1428 833 1503 studiosus
862 1425 988 1497 effe
1013 1425 1119 1497 tui
1147 1424 1484 1499 videbitur
1516 1483 1539 1517 ‚
1599 1355 2040 1526 fignificanffzi¹
2049 1453 2218 1527 erga
2252 1427 2342 1500 il..

339 1530 443 1602 los
477 1529 616 1625 pari
644 1527 989 1599 voluntate
1019 1579 1041 1612 ‚
1099 1524 1483 1597 adducenda
1507 1526 1790 1599 amicitia
1815 1527 1884 1598 in
1916 1526 2105 1624 spem
2133 1527 2336 1600 fami·

335 1626 626 1702 karitatis
673 1625 746 1695 δε
789 1621 1284 1694 consuetudinis
1333 1623 1713 1697 confirmari
1742 1625 2102 1722 oportebit.
2206 1629 2335 1698 At·-

341 1724 576 1825 quein
603 1722 683 1795 iis
719 1719 1035 1793 omnibus
1063 1721 1417 1818 generibus
1438 1723 1734 1820 judicato
1765 1725 1839 1797 δε
1887 1724 2288 1822 perpendito
2301 1778 2326 1814 ‚

337 1843 666 1924 quantum
697 1817 976 1918 quisque
1005 1816 1238 1916 poffit3
1291 1837 1367 1891 ut
1396 1820 1554 1894 scias
1581 1879 1603 1913 ‚
1649 1824 1722 1895 ὅ(
1751 1823 2327 1920 quemadmodum
2392 1829 2399 1833 ’

337 1923 586 2019 cuique
612 1917 916 1992 inservias
949 1973 971 2007 ,
1032 1917 1103 1989 ὃ(
1144 1917 1311 2015 quid
1340 1917 1379 1992 a
1406 1943 1681 2018 quoque
1702 1921 2042 2019 exspectes
2073 1922 2153 1994 δε
2183 1921 2329 2019 poi?-

340 2020 530 2095 tules.
633 2021 804 2093 Sunt
846 2016 1028 2089 enim
1076 2017 1349 2118 quidam
1381 2017 1684 2094 homines
1714 2021 1787 2094 in
1818 2021 1945 2094 suis
1972 2019 2325 2095 vicinitati-1
2428 2042 2432 2047 ·

341 2119 469 2192 bus
496 2120 574 2190 ὅτ
603 2116 985 2231 municipiis
1011 2116 1276 2223 gratiofi
1296 2149 1310 2163 ·
1364 2121 1516 2191 sunt
1539 2119 1888 2219 diligentes
1915 2120 1990 2193 δε
2016 2117 2271 2215 copiosi
2299 2147 2321 2210 3

343 2217 463 2320 qui
491 2218 687 2293 etiam
715 2216 765 2289 fi
796 2237 980 2290 antea
1008 2242 1148 2289 non
1175 2216 1282 2290 stu
1329 2238 1574 2291 uerunt
1607 2218 1767 2292 huic
1911 2218 2020 2292 tiae
2034 2274 2058 2308 ‚
2102 2236 2333 2291 tamen

339 2342 426 2391 ex
455 2337 755 2414 tempore
777 2317 1107 2389 elaborare
1131 2316 1272 2411 ejus
1315 2315 1500 2389 causa
1526 2373 1549 2408 ‚
1613 2318 1726 2391 cui
1821 2317 2017 2390 ebent
2061 2337 2180 2389 aut
2202 2343 2326 2389 vo-

323 2416 529 2509 lunt,
578 2417 770 2491 facile
797 2416 1085 2515 poffunt.
1118 2415 1220 2488 his
1248 2417 1607 2490 hominum
1636 2416 1987 2516 generibus
2017 2414 2319 2489 ficinser-

337 2517 662 2592 viendum
693 2517 825 2605 est,
871 2535 947 2588 ut
978 2514 1096 2610 ipfi
1131 2514 1615 2615 intelligant‚te
1644 2516 1868 2591 videre
1893 2514 2059 2613 quid
2084 2513 2132 2600 ᾖ
2159 2540 2324 2617 quo-

340 2642 475 2714 que
501 2615 835 2712 exspectes
863 2669 885 2703 ‚
933 2614 1165 2684 sentire
1190 2614 1358 2710 quid
1385 2615 1659 2714 accipias
1687 2673 1709 2706 ‚
1754 2612 2124 2686 meminiss‘e
2158 2612 2317 2711 quid

339 2715 683 2812 acceperis,
748 2713 920 2785 Sunt
947 2730 1164 2782 autem
1196 2711 1343 2803 alii,
1391 2713 1511 2808 qui
1538 2734 1651 2787 aut
1679 2712 1847 2784 nihil
1879 2711 2187 2809 poffunt,
2211 2719 2319 2783 aut

339 2813 535 2885 etiam
583 2809 742 2883 odio
790 2809 942 2880 sunt
978 2807 1338 2882 tribulibus
1385 2810 1514 2884 suis
1550 2840 1569 2886 ε
1623 2837 1747 2885 nec
1789 2810 2032 2882 habent
2065 2829 2319 2885 tantum

338 2909 544 2982 animi
573 2926 686 2978 aut
717 2904 1073 2997 facultatis,
1120 2925 1199 2979 ut
1226 2907 1559 2982 enitantur
1583 2934 1671 2983 ex·
1700 2929 2020 3008 tempore.
2072 2910 2193 2981 hos
2222 2910 2316 2981 ine

339 3006 669 3082 ternoscas
697 3004 923 3078 videto
965 3037 986 3096 3
1051 3029 1136 3078 ne
1170 3063 1192 3096 ‚
1253 3005 1365 3103 spe
1394 3007 1464 3080 in
1507 3009 1742 3107 aliquo.
1784 3008 2027 3109 majore
2063 3006 2266 3106 polita
2294 3063 2317 3096 ,

338 3102 626 3206 praefidii
655 3128 889 3199 parum
919 3122 1356 3201 comparetur.

442 3215 497 3289 §.
551 3228 612 3297 7.
667 3202 761 3274 Et
791 3226 1192 3309 quamquam
1224 3203 1420 3299 partis
1450 3204 1525 3277 δί
1553 3204 1841 3278 fundatis
1867 3202 2165 3276 amicitiis
2194 3204 2311 3276 fress

342 3320 491 3376 tum
520 3326 595 3372 ac
635 3319 977 3389 munitum
1006 3299 1130 3373 effe
1165 3322 1429 3397 oportet
1461 3360 1483 3393 ‚
1545 3303 1867 3376 tamenin
1900 3301 2036 3398 ipsa
2061 3301 2308 3401 petitio·

340 3425 427 3473 ne
458 3458 479 3491 ‚
537 3396 842 3485 amicitiae
887 3399 1235 3493 permultae
1284 3458 1307 3490 ,
1366 3425 1440 3472 ac
1485 3402 1794 3497 perutiles
1839 3413 2308 3496 comparantur.

340 3523 496 3573 narn
537 3499 608 3571 in
652 3495 879 3568 ceteris
925 3495 1240 3573 molestiis
1292 3497 1485 3571 habet
1536 3499 1667 3572 hoc
1711 3519 1932 3572 tamen
1979 3493 2046 3561 3⁸
2098 3497 2311 3596 petitio.

2142 3620 2307 3679 coma

405 3700 474 3747 ³8·
508 3695 654 3741 Petitio
678 3692 900 3747 commodi,
919 3705 967 3739 ue
987 3691 1093 3754 poffit
1117 3692 1308 3751 honestet]
1357 3694 1445 3744 tim
1467 3695 1634 3748 habent
1657 3696 2305 3756 inimicitim21000.amicitim

343 3755 414 3803 Μ.
441 3758 581 3801 noticia
604 3758 801 3801 commodi
820 3768 930 3815 potes,
960 3759 1048 3801 hon.
1090 3756 1174 3801 1³21.
1204 3758 1307 3799 noti·
1361 3762 1490 3814 Gna,

339 3818 400 3868 eia
424 3820 622 3867 commodi
641 3816 763 3879 petest
783 3821 878 3868 hm.
939 3814 1089 3877 Iidem
1111 3816 1314 3877 libtista·
