2514 4438
237 234 371 337 '5³⁶⁶'-
481 220 775 309 Parni.
825 220 1219 306 Manu-r.
1252 221 2086 303 Communi-ximus
2201 282 2208 288 ,

210 390 219 399 «
283 364 361 409 uo
393 346 454 408 in
484 343 621 409 loco
652 352 872 407 certum
904 358 1026 403 non
1061 338 1281 412 habeo,
1319 338 1416 411 sed
1445 338 1518 400 ad
1549 339 1799 405 eundem
1831 342 2320 415 certezffameae‘

239 446 266 486 c
321 443 426 484 mes
458 419 630 499 neceffl
659 441 685 480 e
747 462 766 493 ‚
805 440 880 479 res
915 426 1177 479 Romanas
1208 418 1405 497 diutins
1425 415 1569 492 stem
1599 438 1703 480 nm
1721 417 1866 498 poffi.
1885 415 2056 481 &hic
2073 419 2314 491 ‚insi-2²

245 511 339 563 Ru
371 510 612 559 Romana
663 518 709 556 u:
759 516 785 555 e
814 494 1090 557 habebant.
1479 526 1480 529 ¹

322 576 595 655 Lamum]
707 573 993 635 arcellinus
1028 591 1069 642 ς’
1108 590 1289 654 quem
1321 572 1436 655 hoc
1467 590 1623 637 anno
1651 571 1947 637 consulem·
1974 572 2143 637 fuiffe
2160 582 2319 643 cum

250 654 475 718 Marcio
507 651 768 729 Philippo
790 693 808 721 ‚
840 652 964 729 jam
996 649 1130 711 dixi.
2293 684 2308 687 ,

331 730 558 809 Collega]
600 746 735 791 cum
764 728 857 788 sua
889 727 1088 803 sponte
1118 726 1277 789 bono
1295 770 1314 798 ,
1329 738 1455 797 tum
1476 769 1494 797 .
1515 738 1581 787 ut
1599 728 1808 806 opinor
1825 768 1846 799 ,
1861 726 2100 791 consilio
2117 729 2320 792 maxi-

254 825 351 871 me
385 819 557 886 atque
589 805 855 882 exemplo
886 805 974 865 M.
1010 803 1283 874 Catonis,
1319 805 1514 882 generi
1544 804 1643 865 fui.
1681 804 2025 871 Plutarchus.

212 892 225 903 ·
332 884 572 966 Exetm‘t]
612 882 853 945 sustulit:
891 880 1114 953 effecit,
1154 900 1228 943 ne
1259 898 1359 958 per
1391 896 1492 942 eos
1520 882 1645 958 lege
1676 900 1709 943 a
1751 883 1762 895 “
1797 879 2011 959 poll‘et:
2051 898 2127 942 ne
2159 880 2319 942 scili-

257 974 350 1033 cet
383 963 451 1023 C.
487 962 636 1023 Cato
667 960 918 1022 tribunus
949 958 1022 1036 pl.
1098 976 1194 1020 uas
1226 957 1301 1021 de
1332 957 1392 1029 R.
1429 959 1682 1019 Lentulo
1774 959 1994 1020 inthere
2025 958 2319 1020 &Annio

257 1039 487 1102 Milone
523 1039 844 1115 rogationes
876 1053 1043 1113 prom
1102 1046 1366 1112 gaverat,
1405 1052 1496 1096 eas
1528 1036 1775 1114 perferre
1807 1033 2006 1114 poffet.
2024 1034 2320 1097 tolleban-

258 1127 352 1185 tur
372 1126 573 1177 autem
608 1113 920 1177 comitiales
953 1112 1068 1173 dies
1105 1130 1236 1174 cum
1271 1112 1387 1172 aliis
1417 1112 1725 1174 rationibus
1743 1156 1761 1185 ‚
1799 1131 1938 1191 quas
1971 1112 2031 1172 in
2063 1111 2218 1172 libro
2247 1113 2328 1171 de

263 1193 477 1253 comitiis
507 1193 793 1269 attigimus
814 1234 831 1261 ,
868 1200 996 1251 tum
1026 1190 1177 1268 feriis
1208 1184 1554 1253 indicendis:
1596 1207 1730 1252 cum
1746 1191 1808 1249 &
1823 1187 2121 1252 comitialis
2140 1188 2205 1250 &
2223 1190 2322 1250 fe-

261 1268 374 1332 stus
402 1269 520 1331 dies
544 1269 712 1333 ‚idem
744 1265 854 1331 effe
883 1285 1004 1329 non
1036 1262 1235 1344 poffet.

342 1347 526 1404 Etiam
558 1348 754 1406 Lati-na
784 1346 840 1404 in
883 1349 1176 1421 exuramur]
1217 1360 1349 1404 cum
1380 1343 1527 1409 dicat
1545 1388 1562 1414 ‚
1600 1344 1758 1402 etiam
1774 1386 1792 1414 ,
1829 1342 2011 1420 liquet
2029 1383 2056 1415 ,f
2082 1363 2206 1406 non
2221 1347 2324 1408 in-

265 1422 565 1483 staurandis
600 1422 781 1483 modo
869 1421 1030 1482 atinis
1060 1432 1355 1498 exemptos
1372 1418 1481 1481 effe
1498 1439 1530 1481 a
1548 1421 1799 1481 Lentulo
1820 1420 2132 1485 comitiales
2148 1422 2273 1483 dies
2293 1465 2316 1495 ,

266 1492 362 1559 sed
392 1500 503 1560 alio
539 1499 714 1560 etiam·
741 1516 947 1576 genere
979 1497 1416 1575 impedimenti,
1458 1496 1777 1576 cujusmodi
1811 1508 1962 1567 erat,
1989 1498 2211 1576 fimare
2245 1502 2319 1559 de

269 1577 404 1637 coelo.
435 1595 570 1637 nam
604 1575 702 1635 etfi
732 1592 905 1652 augur
938 1592 1057 1634 non
1093 1587 1209 1634 erat
1240 1574 1599 1635 Marcellinus
1620 1595 1635 1633 ε
1655 1573 1795 1634 nihil
1808 1584 2003 1635 tamen
2019 1575 2274 1636 obstabat
2294 1618 2315 1647 ‚

271 1653 410 1732 quin
429 1696 449 1723 ‚
525 1671 590 1711 ro
622 1652 892 1728 potestate
923 1650 1232 1711 consulatus
1255 1692 1273 1719 ,
1311 1652 1526 1710 servare
1561 1646 1632 1710 de
1665 1650 1813 1711 coelo
1843 1647 2039 1740 posset.
2058 1651 2219 1732 quod
2251 1673 2320 1715 a·

254 1742 430 1806 -perte
505 1728 843 1790 emonstrant
872 1726 962 1788 illa
994 1727 1162 1787 verba
1192 1727 1250 1786 in
1284 1728 1541 1787 oratione
1573 1725 1814 1787 secunda
1845 1744 1907 1788 in
1938 1727 2314 1791 Antonium:

272 1807 371 1865 Hic
403 1803 562 1871 bonus
594 1802 762 1883 hugar
788 1827 839 1863 eo
856 1803 914 1881 fi
933 1802 1211 1880 sacerdotio
1233 1804 1510 1880 preditum
1537 1804 1637 1882 effe.
1654 1803 1791 1862 dixit
1825 1845 1843 1875 ,
1882 1819 1944 1863 ut
1974 1807 2180 1865 comitia
2209 1827 2324 1865 au-

261 1880 312 1960 s
334 1882 428 1940 ‘ciis
462 1883 546 1941 vel
577 1880 925 1960 impedirem!
954 1880 1146 1938 vitiare
1164 1880 1334 1967 posset.
1366 1879 1424 1939 in
1457 1901 1555 1969 quo
1563 1881 1796 1960 primum
1810 1880 2137 1940 incredibilem
2143 1885 2328 1962 stup&

311 1960 494 2017 itatem
524 1958 745 2017 hominis
774 1956 1046 2033 cognoscite.
1085 1957 1210 2037 quid
1235 1956 1414 2015 enim?
1451 1960 1574 2031 istuc
1607 2000 1625 2027 ,
1701 1957 1801 2015 uod
1829 1974 1877 2015 te
1898 1957 2167 2034 sacerdotii
2186 1964 2320 2036 jure

261 2037 434 2109 fhcere
492 2034 581 2110 offe
611 2035 780 2109 dixisti
800 2076 817 2103 ,
845 2031 900 2109 fi
925 2052 1093 2108 augur
1125 2052 1226 2090 non
1248 2032 1366 2110 ,effbs
1400 2075 1417 2102 ,
1456 2051 1523 2096 co·
1556 1979 1723 2112 constal
1748 2032 1858 2109 effis
1879 2044 1909 2104 ¹,
1948 2035 2120 2093 minus
2134 2037 2322 2109 facere

264 2048 541 2189 potusffipss?
582 2110 700 2169 vide
717 2153 735 2180 ‚
777 2130 838 2168 ne
865 2110 1023 2166 etiam
1039 2109 1265 2182 facilius.
1298 2129 1385 2166 nos
1397 2111 1534 2167 enim
1565 2110 1944 2169 nuntiationem
1964 2108 2137 2188 solum
2152 2110 2322 2171 Imbe-¹

275 2207 392 2246 mus
408 2229 425 2256 ‚
467 2185 681 2263 consules
713 2205 780 2250 ω’
811 2185 986 2266 reliqui
1000 2186 1327 2262 magistratus
1341 2186 1498 2246 etiam
1501 2185 1818 2266 spebiionem.
1838 2186 1898 2247 &
1913 2187 2320 2266 interrogatio·-

277 2282 351 2324 ne
382 2265 441 2322 in
474 2263 770 2323 Vatinium
810 2283 823 2321 :
882 2262 1135 2322 Tribunus
1156 2263 1229 2340 pl.
1250 2262 1404 2337 suisti
1435 2284 1449 2323 ε
1509 2263 1706 2340 collegas
1737 2263 1956 2338 habuisti
1990 2267 2128 2325 viros
2143 2263 2323 2339 fhrles

276 2361 482 2401 novem.
519 2361 585 2400 ex
620 2340 701 2400 bis
728 2357 839 2400 tres
870 2356 1025 2398 erant
1058 2383 1076 2410 ,
1128 2360 1251 2420 quos
1303 2353 1366 2398 tu
1385 2383 1406 2408 .
1454 2340 1637 2400 uotidie
1662 2341 1850 2421 sciebas¹
1885 2341 1945 2399 de
1984 2342 2091 2401 calo
2115 2342 2320 2422 serva-

281 2438 334 2477 re
369 2461 387 2489 ,
447 2437 570 2499 quos
607 2417 848 2478 irridebas
883 2460 899 2486 ,
955 2438 1078 2503 quos
1100 2418 1339 2495 privatos
1368 2361 1453 2494 eſjz
1481 2417 1685 2476 dicebas.
1736 2417 1942 2494 quibus
1972 2437 2040 2478 ex
2069 2419 2206 2480 locis
2241 2420 2322 2481 li-

277 2495 447 2556 cuiffc
480 2495 690 2560 constat
726 2496 896 2555 etiam
929 2493 992 2553 iis
1013 2537 1030 2564 ,
1070 2495 1168 2583 qui
1203 2512 1434 2571 augures
1469 2512 1588 2553 non
1622 2490 1828 2563 essent,
1854 2495 2072 2570 servare
2099 2497 2158 2554 de
2176 2499 2315 2558 calo.

277 2589 412 2633 nam
446 2579 597 2632 certe
628 2591 814 2651 neque
852 2571 1206 2633 Marcellinus
1225 2614 1240 2642 ,
1277 2589 1468 2650 neque
1500 2583 1608 2630 tres
1639 2570 1719 2631 illi
1747 2571 1953 2631 tribuni
1985 2573 2057 2648 pl.
2087 2572 2317 2634 Vatinii

280 2650 513 2725 collega:
535 2692 552 2719 ,
591 2668 823 2727 augures
854 2662 1047 2717 erant;
1089 2665 1336 2726 quorum
1368 2663 1632 2707 numerus
1664 2645 1820 2723 supra
1848 2648 2174 2725 quindecim
2195 2645 2319 2710 effe

279 2742 399 2785 non
434 2737 686 2802 poteram
733 2728 791 2786 ὅ(
820 2727 966 2786 inter
998 2744 1095 2785 eos
1128 2743 1305 2786 nemo
1340 2736 1455 2784 erat
1487 2742 1555 2782 ex
1574 2724 1833 2801 iiS‚quos
1849 2726 2159 2786 nominavi.
2175 2743 2334 2787 om·-

278 2819 379 2864 nes
414 2804 569 2863 enim
601 2804 783 2864 habco
815 2802 1106 2878 diligenter
1138 2814 1364 2862 notatos
1395 2802 1453 2859 in
1488 2800 1627 2860 meis
1659 2801 2148 2862 lucubrationibus.

359 2880 586 2957 Latina]
625 2880 785 2940 feriae
823 2879 1176 2955 conceptivoe
1197 2920 1224 2948 ,
1252 2896 1286 2936 a
1319 2876 1628 2937 consulibus
1649 2920 1666 2946 ‚
1705 2888 1800 2936 aut
1832 2878 1899 2936 ab
1917 2896 1990 2938 eo
2011 2921 2028 2948 ,
2046 2880 2144 2956 qui
2159 2877 2322 2942 sum-

282 2955 537 3015 mumin
570 2955 705 3015 urbe
738 2954 1112 3033 magistratum
1144 2965 1395 3030 gereret,
1435 2953 1495 3013 in
1527 2953 1751 3013 Albano
1783 2966 1983 3014 monte
2002 2953 2179 3015 factae.
2196 2956 2321 3032 pri-

283 3049 410 3093 mus
441 3050 530 3091 eas
560 3032 623 3092 in
651 3050 831 3092 unum
870 3031 1019 3092 diem
1057 3029 1400 3108 Tarquinius
1431 3028 1704 3106 Superbus
1735 3029 2002 3091 instituit:
2037 3030 2321 3095 secundus
2353 3065 2360 3072 -

281 3107 400 3167 dies
433 3107 683 3177 addstm,
727 3107 887 3187 pulsis
920 3108 1167 3185 regibus:
1209 3110 1402 3166 tertius
1470 3106 1550 3166 ost
1581 3106 1940 3167 seceffionem
1972 3109 2033 3167 in
2065 3109 2322 3169 Aventi-

281 3202 458 3320 ffnn:
499 3197 760 3320 qgarcttus,
799 3185 959 3263 plebe
993 3187 1054 3245 ὃς
1084 3183 1326 3260 patribus
1360 3202 1393 3243 a
1468 3181 1696 3243 'ctatore
1734 3183 2052 3244 Camilloin
2072 3201 2322 3245 concor-

326 3279 438 3322 1am
472 3279 532 3320 re
573 3280 610 3320 u
669 3280 729 3320 is,
1845 3301 1848 3308 ·

363 3341 736 3413 Instaurantur
754 3339 809 3418 z]
854 3338 1005 3420 quafi
1025 3381 1041 3410 ,
1083 3336 1348 3400 faciendis
1377 3336 1441 3396 iis
1461 3379 1481 3406 ,
1519 3346 1615 3396 aut
1646 3334 2071 3413 praetermiffi1m
2102 3338 2171 3398 ali
2211 3337 2324 3401 uid
2375 3391 2388 3408 ,,

284 3412 457 3486 esset,
499 3428 630 3487 aut,
671 3415 828 3494 quod
860 3427 977 3478 non
1011 3410 1726 3491 oporteret‚commiffu1n.
1802 3415 1958 3478 uibus
1992 3414 2063 3474 de
2082 3431 2183 3475 cau
2225 3434 2274 3476 is
2295 3458 2321 3487 ,

242 3529 245 3532 ι
282 3491 430 3569 saepe
460 3494 697 3630 legimus
730 3492 877 3569 apud
906 3492 1142 3552 Livium
1180 3533 1196 3561 ‚
1254 3490 1578 3553 instauratos
1623 3484 1731 3575 efl'e
1791 3489 1951 3551 udos.
1997 3491 2322 3553 instauratas

283 3581 740 3706 autemstecreto
783 3568 1119 3647 pontificum
1170 3568 1398 3629 Latinas
1429 3610 1450 3640 ,
1506 3585 1576 3628 ex
1624 3565 1781 3629 Livii
1830 3568 1922 3634 lib.
1955 3586 2095 3644 xxxi
2111 3588 2162 3640 1,
2195 3569 2354 3652 ΡΙωιρ

283 3662 422 3705 num
459 3664 491 3707 e
538 3692 551 3706 .
1773 3679 1778 3684 ·
2343 3677 2348 3682 ·

357 3723 764 3804 supplicationes]
806 3740 937 3802 quae
969 3723 1394 3801 imperatoribus
1409 3739 1514 3801 pro
1532 3741 1591 3784 re
1607 3723 1752 3786 bene
1767 3723 1919 3800 gesta
1934 3717 2320 3789 decerneban-

277 3806 403 3860 tur:
447 3817 649 3881 eaeque
680 3800 819 3863 dum
847 3797 1077 3876 fierent,
1110 3799 1238 3878 lege
1274 3817 1436 3880 agere
1467 3818 1588 3865 non
1618 3800 1836 3866 licebat.
2177 3871 2220 3936 P
2419 3849 2426 3860 .

306 3889 317 3896 ·
1317 3921 1320 3928 .
1769 3913 1772 3924 „
2223 3889 2323 3952 ag.
