2514 4438
387 207 394 210 .
478 260 578 312 m
625 233 940 312 Eris-r.
985 231 1190 310 Cre.
1242 253 1373 311 An
1417 233 1527 337 Q
1573 221 1872 313 Faria·
2063 247 2234 324 ‘201'

243 368 397 420 entes
421 355 517 418 hae
549 359 762 417 fuerint
793 397 813 428 ,
865 373 939 415 ex
966 354 1071 414 inis
1100 355 1410 431 proverbiis
1436 354 1681 415 ostendit
1713 375 1731 416 z
1793 353 2050 434 Phrygem
2109 358 2238 436 Iagis

171 377 481 513 stne-sotere
509 434 795 493 meliorem:
835 433 910 494 Et
926 474 945 503 ,
981 430 1026 490 si
1053 433 1178 511 quis
1207 430 1512 511 despicatui
1544 433 1766 493 ducitur
1796 475 1817 503 ,
1852 445 1918 492 ut
1948 443 2054 509 My
2077 456 2228 497 orum

175 513 409 572 ultimus
437 511 529 588 effe
556 511 780 572 dicatur.
1851 563 1858 576 s

273 598 340 646 In
359 589 483 664 jure
505 588 741 668 dicendo]
768 587 906 667 juris
931 585 1125 645 dicendi
1152 589 1392 648 nomine
1412 628 1431 656 ,
1468 602 1602 648 cum
1618 585 1691 646 de
1704 587 2123 663 provinciarum
2140 593 2231 650 re-'

177 663 444 726 floribus
476 664 658 739 agitur
687 705 707 733 ,
758 682 878 724 non
909 674 1129 722 tantum
1174 667 1518 741 privatarum
1550 663 1839 723 causarum
1872 664 2229 742 disceptatio-

175 759 292 804 nes
310 784 330 813 ,
370 740 570 802 verum
599 741 769 801 etiam
802 756 990 804 rerum
1022 742 1346 816 capitalium
1372 741 1709 820 quaestiones
1727 740 2003 801 contineri
2019 784 2038 812 ,
2078 742 2224 820 saepe

169 819 309 880 aliis
339 819 400 878 in
430 817 576 877 libris
607 818 797 877 nostris
826 818 1203 893 probavimus.
1634 855 1643 860 -
2146 855 2153 864 =

271 905 356 953 Ne
385 895 623 955 varietur
639 896 843 972 gratia]
884 894 1042 971 quod
1074 896 1133 952 in
1161 914 1235 954 eo
1261 894 1368 974 φὶ
1391 895 1483 970 jus
1516 893 1652 953 dicit
1687 936 1703 964 ‚
1740 893 2087 970 potiflimum
2124 913 2222 956 ex·-

163 972 466 1047 quiritur,
501 983 566 1029 ut
587 971 729 1047 jutis
759 972 1196 1047 aequabilitatem
1228 973 1374 1030 inter
1404 989 1606 1030 omnes
1635 970 1814 1030 servet
1848 994 1867 1038 ;
1908 978 2055 1030 nev'e
2087 972 2226 1034 illud.

163 1047 405 1122 jnfleeti
431 1047 606 1124 gratia
638 1089 658 1116 ‚
711 1061 809 1107 aut
837 1047 1106 1124 perfringi
1123 1050 1377 1124 potentia
1396 1090 1414 1117 ‚
1453 1059 1550 1106 aut
1564 1047 1858 1106 adulterari
1873 1048 2110 1122 pecunia
2127 1066 2227 1124 pa-

175 1125 374 1186 tiatur.
453 1127 587 1202 Qua
615 1122 692 1182 de
722 1141 783 1182 re
810 1124 976 1183 locus‘
1001 1124 1078 1182 est
1110 1126 1167 1183 in
1203 1126 1364 1184 Orat.
1396 1143 1499 1198 pro
1531 1125 1793 1183 Muraena
1826 1124 2066 1199 infigniS.

267 1211 485 1260 Partem
513 1199 812 1279 conceffiris]
851 1212 1118 1276 praetores
1153 1202 1212 1261 in
1241 1201 1543 1276 provinciis
1559 1201 1747 1259 solitos
1763 1200 1866 1261 suis
1884 1201 2227 1278 Quaestorib.'

182 1280 254 1344 δε
281 1279 473 1354 legatis
511 1277 964 1355 jurisdictionem
1001 1278 1267 1337 mandare
1300 1320 1319 1349 ,
1372 1287 1527 1354 patet
1574 1296 1645 1336 ex
1674 1277 1915 1338 Verrina
1946 1280 2126 1355 prima
2161 1280 2226 1338 ὃς

181 1369 387 1435 quarta
405 1397 423 1422 ,
461 1356 522 1413 &
557 1372 627 1414 ex
659 1355 750 1413 lib.
781 1353 1042 1414 Pande&
1076 1356 1283 1429 primo,

271 1432 560 1508 Praefirtim,
578 1431 938 1566 provincialia
973 1448 1108 1489 nam
1142 1433 1201 1489 &
1233 1433 1443 1491 Romae
1476 1432 1535 1489 ὅ(
1566 1430 1942 1506 ,ὶηρτονίῃείἰε
1961 1473 1979 1500 ,
2017 1449 2087 1489 ex
2105 1428 2224 1488 edi-

187 1508 291 1568 ἑὶο
315 1509 407 1585 jus
436 1507 721 1568 redditur:
759 1506 854 1568 sed
940 1524 1096 1565 omae
1141 1550 1158 1577 ‚
1196 1509 1367 1583 longe
1402 1509 1464 1566 &
1493 1508 1775 1584 graviores
1811 1508 1987 1565 causae
2022 1509 2083 1565 δε
2112 1507 2223 1565 liti-

182 1598 413 1662 gatores
443 1585 827 1661 potentiorem
871 1587 932 1643 in
964 1584 1253 1659 provincia
1285 1628 1302 1654 ,
1340 1585 1432 1642 vel
1465 1583 1657 1642 Graeci
1688 1584 1813 1650 sunt
1844 1585 1938 1642 vel
1968 1585 2225 1658 negotia·

182 1674 342 1722 tores
373 1665 437 1721 &
468 1674 823 1723 mercatores.
902 1662 1061 1720 Hinc
1091 1661 1151 1720 in
1184 1679 1250 1720 ea
1283 1678 1386 1736 pro
1418 1663 1678 1719 Muraena
1709 1683 1728 1728 ;
1786 1660 1844 1718 in
1864 1662 2001 1738 juris
2030 1658 2231 1728 dicendi,

169 1741 318 1818 sorte
333 1783 354 1810 ,
391 1741 451 1799 in
492 1741 577 1798 uit
591 1782 610 1810 ,
639 1739 859 1817 gloriam
889 1738 1118 1797 conciliat
1150 1738 1450 1815 magnitudo
1483 1737 1687 1813 negotii,
1708 1738 1957 1813 ‘gratiam
1973 1731 2227 1816 inquitatis

173 1818 402 1893 largitio.
453 1757 555 1875 th
586 1834 688 1892 pro
720 1817 920 1874 Flacco
955 1834 971 1874 ς
1012 1823 1251 1873 Pratum
1266 1814 1556 1891 jurisdiblio
1588 1857 1606 1884 ,
1645 1833 1721 1871 res
1753 1814 1909 1872 varia
1942 1832 2009 1875 <9¹
2038 1813 2222 1871 multi-

168 1894 296 1974 plex
330 1893 403 1951 ad
422 1892 716 1970 suspiciones
746 1911 814 1954 <9⁹
864 1890 1142 1950 t‘tnultates.
1634 1895 1635 1898 ’
1876 1898 1880 1901 ⁴

265 1969 509 2028 Facilitas
538 1970 596 2027 in
629 1970 777 2032 audie
959 1978 1022 2030 ut
1053 1984 1157 2043 pro
1189 1967 1453 2026 Muraena
1489 1986 1504 2024 ε
1560 1967 1761 2045 Sapie'ns
1783 1981 1971 2045 prator
2000 1969 2219 2047 offenfia.

184 2065 305 2105 mm
334 2046 479 2103 vitat
505 2045 844 2127 aquabilitate
923 2058 927 2064 ’
957 2044 1163 2102 emendi
1178 2085 1197 2113 ‚
1235 2044 1636 2116 benevolentiam
1650 2045 1886 2121 adjungit
1898 2045 2105 2111 lenitate
2120 2067 2221 2103 au-

184 2124 379 2182 diendi.
455 2123 655 2201 Itaque
685 2123 800 2183 hoc
829 2121 1010 2197 ipsum
1039 2120 1311 2196 posterius
1341 2122 1424 2181 his
1456 2121 1635 2181 verbis
1668 2122 1940 2180 inculcat:
1980 2123 2140 2200 Jurif
2158 2144 2219 2179 a-

180 2199 440 2287 quabilem
472 2217 635 2260 tenere
666 2200 953 2267 ratiomm3
979 2198 1191 2273 facilem
1222 2197 1275 2255 ἐι
1302 2198 1360 2256 in
1387 2196 1533 2260 rebus
1563 2196 1895 2278 cognoſsendt's
1910 2242 1928 2269 ,
1966 2198 2023 2259 in
2052 2200 2218 2263 homi-

178 2278 334 2339 nibus
363 2278 627 2338 audiendis
655 2276 991 2339 admittendis
1027 2295 1088 2333 ue
1111 2275 1334 2353 prebere.

259 2354 392 2432 Pag.
414 2375 500 2416 10.
522 2374 606 2415 11.
651 2353 945 2415 Indiscerne
1020 2355 1073 2432 o]
1115 2370 1317 2413 omnes
1347 2370 1491 2431 quos
1525 2352 1641 2413 vidi
1660 2355 1879 2432 antiqui
1896 2397 1914 2425 ‚
1952 2354 2215 2413 decernen-

178 2431 279 2491 do:
319 2431 479 2510 quod
507 2432 622 2493 fine
652 2431 826 2494 dubio
857 2430 1074 2488 testum
1107 2429 1200 2491 est.
1279 2428 1432 2488 Nam
1462 2428 1728 2504 descernere
1754 2448 1859 2505 pro
1887 2431 2160 2506 dijudicare
2190 2474 2213 2502 ,

157 2528 302 2570 vnun
345 2527 476 2569 uam
523 2528 619 2570 me
651 2551 671 2579 ‚
723 2508 819 2568 ubi
851 2506 922 2565 de
943 2507 1072 2583 jure
1102 2502 1347 2563 dicendo
1376 2516 1631 2579 ageretur
1660 2548 1679 2575 ,
1735 2505 1921 2582 legisse
1953 2509 2213 2570 memini.
2238 2525 2251 2543 ¹

182 2528 434 2663 Quflem
479 2598 673 2646 autem
719 2586 777 2643 in
810 2581 1168 2647 decernendo
1197 2581 1491 2641 lenitatem
1534 2581 1804 2658 fignificet
1832 2625 1850 2654 ,
1906 2602 1976 2645 ex
2010 2603 2074 2644 ea
2104 2604 2211 2661 pro
2258 2612 2265 2613 ff

181 2663 682 2743 Quincti0,facile
715 2658 1184 2734 intelligiturzubi
1215 2658 1288 2716 de
1320 2657 1611 2717 Dolabella
1635 2652 1888 2719 Praetore
1918 2664 2208 2737 queritur,

177 2742 314 2825 qui,
355 2758 485 2801 cum
518 2741 780 2801 advocati
812 2735 1051 2814 Quincti
1081 2736 1151 2794 de
1171 2737 1302 2812 jure
1336 2734 1415 2795 sui
1444 2734 1654 2799 decreti
1682 2736 2020 2817 disputarent
2048 2782 2067 2810 ,
2109 2758 2209 2802 eos

177 2817 452 2881 acerrime
483 2835 584 2893 per
611 2815 832 2877 liotores
865 2814 1212 2873 summoveri
1235 2809 1478 2888 jufferat.
1840 2858 1847 2867 ..
2040 2864 2043 2871 .

256 2895 699 2968 Satigfacicndo&
727 2891 1056 2969 disputando]
1097 2891 1209 2948 hoc
1241 2886 1398 2948 idem
1429 2908 1499 2949 ex
1519 2888 1725 2952 eodem
1744 2892 2104 2970 Quinctianae
2122 2893 2210 2954 lo-

180 2989 256 3031 co
286 2971 553 3031 facillime
598 2970 920 3045 intelligitur
953 2987 966 3026 ε
1024 2966 1118 3025 ubi
1150 2965 1453 3041 litigatores
1481 2967 1717 3029 Praetori
1748 2969 2072 3030 decernenti
2106 2973 2209 3030 ob-

175 3048 493 3124 strepebant
517 3065 584 3107 ac
612 3044 1104 3122 tergiversabantur
1122 3085 1154 3112 „
1181 3044 1241 3101 &
1276 3054 1468 3102 contra
1499 3063 1632 3104 eum
1661 3045 1732 3107 de
1763 3048 1842 3106 sui
1861 3048 2067 3117 decreti
2076 3049 2206 3124 jure

178 3125 545 3202 disputabant.
620 3122 973 3201 Recusabant,
1011 3119 1229 3197 inquit,
1272 3122 1362 3197 qui
1389 3120 1610 3181 aderant
1639 3139 1756 3181 tum
1789 3124 2033 3200 Qintffio
2068 3145 2082 3182 :
2121 3125 2228 3183 dot-⁴

176 3202 542 3275 monstrabant
558 3245 576 3270 ,
613 3202 674 3258 de
704 3221 756 3256 ro
773 3198 1028 3275 judicium
1053 3197 1198 3274 prius
1216 3196 1335 3271 fieri
1365 3210 1593 3274 oportere.
1632 3200 1914 3258 Clamabat
1935 3215 2085 3277 porro
2114 3202 2209 3278 5?ss

175 3280 465 3357 Qualitas
509 3294 618 3340 (φτ.
694 3274 1123 3353 Ejusdemniodi
1149 3287 1435 3359 ‘praeterea
1467 3274 1848 3410 digiutationis
1879 3277 2205 3353 exemplum
2272 3338 2279 3343 ,

174 3356 336 3420 extat
366 3354 516 3431 apud
546 3354 782 3420 Livium
814 3395 832 3421 ‚
867 3351 959 3416 lib.
998 3369 1059 3416 11
1094 3371 1114 3417 3
1154 3349 1249 3415 ubi
1279 3352 1497 3427 Appius
1570 3355 1819 3423 ecemvir
1848 3354 2206 3415 detrectanti-

147 3435 280 3511 ,δας
309 3431 674 3508 litigatoribus
702 3430 1008 3493 satisfacere
1043 3437 1279 3492 conatur
1298 3469 1316 3498 ,
1355 3429 1416 3489 ὅ(
1442 3428 1594 3506 quafi
1626 3448 1758 3490 cum
1792 3429 1917 3507 ipfis
1948 3430 2039 3493 dis
2066 3442 2205 3497 utat.

177 3519 249 3570 ln
279 3510 433 3589 cansa
452 3552 469 3578 ,
508 3510 693 3586 inquit
710 3549 727 3576 ,
767 3524 835 3569 ea·
853 3504 1067 3583 per-fimet
1099 3504 1281 3561 variat
1313 3525 1332 3572 3
1375 3505 1435 3562 &
1462 3523 1595 3583 quae
1628 3507 1658 3565 s
1722 3518 1944 3566 uuntur.
2078 3505 2206 3566 este

171 3589 383 3665 igitur,
419 3585 754 3664 dzsputandoz
795 3594 858 3642 ut
889 3583 947 3640 ln
974 3580 1120 3645 libris
1152 3580 1429 3640 omnibus.
1506 3583 1658 3643 Nam
1727 3583 2004 3661 isternmdo
2034 3600 2202 3658 repo,-

174 3682 353 3733 nere‚
392 3665 453 3723 &
482 3679 687 3741 negare
717 3662 776 3723 id
806 3658 877 3723 ad
904 3670 1169 3736 praetores
1203 3668 1299 3736 aut
1320 3658 1538 3735 judices
1568 3663 1881 3737 pertinere,
1902 3659 1992 3725 sed
2008 3670 2202 3725 totum

172 3742 524 3818 litigatorum
556 3739 663 3800 effe
684 3782 701 3809 ‚
740 3737 888 3799 nulla
921 3738 1060 3795 ratio
1092 3733 1200 3791 est:
1242 3751 1375 3794 cum
1405 3737 1612 3815 ubique
1645 3735 1950 3825 disceptandi
1963 3737 2201 3799 verbum

177 3820 242 3885 in
271 3818 608 3887 Praetoribus
636 3819 958 3897 usurpetur:
975 3825 1038 3879 ut
1067 3813 1128 3873 in
1154 3812 1273 3953 illcg2
1283 3813 1375 3876 lib.
1414 3832 1535 3877 111.
1567 3814 1636 3876 de
1667 3814 1829 3897 legib.
1865 3833 1916 3881 ι.
1934 3816 2072 3893 juris
2101 3813 2206 3891 dis:-

699 3916 702 3921 ·
768 3910 776 3917 “
1313 3909 1351 3971 4
1951 3905 2205 3973 captator.
