2514 4438
337 298 356 315 ,
415 226 516 310 'm
562 221 765 304 Lus.
816 219 973 308 Er,
1027 221 1155 296 'An
1203 219 1316 298 Μ,
1368 220 1794 306 Erum-uui
1904 265 1913 268 v
2024 229 2175 335 {169‘

111 344 292 408 lonis
310 385 331 415 ,
372 343 746 420 sapientiffimi
775 341 882 401 viri
915 384 932 412 ,
978 340 1232 407 adversus
1264 343 1753 420 reprehensionem
1783 354 1944 408 tuam
1978 345 2177 409 defen·

113 422 276 483 dere
294 443 314 489 ;
362 424 464 499 qui
491 421 731 506 praemio
759 419 819 477 δί
849 436 1016 494 poena
1047 420 1324 482 contineri
1353 438 1529 496 remp.
1563 421 1734 484 dixit:
1776 420 1869 480 sed
1904 437 2013 496 ego
2050 443 2169 487 non

119 500 253 559 hoc
289 498 476 557 soluin
509 497 711 557 faciam
748 538 765 563 ,
820 506 882 553 ut
913 511 1106 554 meum
1141 495 1356 564 fastum
1390 497 1608 556 Solonis
1638 498 1969 557 auctoritate
2003 518 2174 561 excu-

119 575 293 635 sem:
343 572 583 633 caufl'am
616 576 784 632 etiam
816 571 1109 646 adjungam
1146 571 1359 631 consilii
1392 574 1542 639 mei;
1585 585 1647 631 ut
1676 574 1962 634 ostendam
1982 616 1999 644 ,
2033 574 2170 640 cum

125 654 195 710 δε
231 649 313 709 de
349 651 588 726 praemio
609 692 627 718 ,
666 650 740 708 &‘
756 647 824 706 de
857 663 1023 724 poena
1049 647 1342 707 sententias
1377 647 1527 718 dixi,
1567 650 1704 725 quid
1735 650 2117 725 spectaverim.
2152 671 2163 678 ·

206 727 354 802 Pag„
396 745 518 804 135.
558 724 967 810 Praetermisfum]
1007 724 1305 798 satellitem,
1324 728 1550 800 tyranni
1579 727 1664 802 M.
1696 727 2173 797 Antonium„]si2-

123 822 204 881 pe
240 805 542 881 queritur,
581 803 738 861 fimul
770 817 898 860 cum
930 811 1170 876 tyranno
1208 802 1567 860 interfectum
1595 820 1713 860 non
1749 801 1873 861 effe.
1957 804 2172 875 Vellem,

126 881 332 957 inquit
369 881 426 938 in
464 880 694 955 epistola‘
714 876 782 937 ad
814 878 1172 946 Trebonium
1191 922 1208 948 ,
1247 898 1328 936 me
1358 879 1428 933 ad
1459 878 1572 936 illas
1587 879 1753 954 epulas
1778 879 2172 953 invitaffinra-

123 956 432 1035 &quintum
464 956 590 1013 nihil
620 954 929 1010 haberemus.
2172 969 2183 980 ⁰

219 1033 675 1111 inconstantiam]
718 1029 965 1104 Lepidus
986 1073 1002 1098 ,
1025 1030 1140 1107 ,qui
1172 1029 1350 1089 modo
1369 1029 1627 1090 libertatis
1647 1072 1665 1098 ,
1705 1034 1884 1106 modo
1902 1032 2057 1113 regni
2075 1023 2174 1092 cuss
2206 1037 2212 1049 “

135 1108 306 1187 pitius
343 1109 643 1167 videretur.
677 1107 845 1165 etiam
879 1125 964 1184 ep.
1003 1124 1083 1178 14.
1113 1101 1379 1166 levitater'n
1412 1107 1488 1172 illi
1520 1106 1785 1170 adscribit.
1840 1147 1845 1162 .
2038 1107 2044 1111 ’
2147 1153 2167 1178 ,

85 1253 102 1260 „
147 1253 156 1260 q
221 1187 402 1243 Nimis
431 1187 589 1262 acres]
632 1201 759 1242 cum
797 1201 993 1240 omnes
1026 1199 1313 1258 acceptam
1348 1202 1379 1241 a
1400 1183 1572 1254 ¹vobis
1604 1183 1914 1255 libertatem
1933 1183 2173 1248 retinere

139 1263 419 1321 vellemus
452 1284 470 1328 ;
528 1279 628 1320 vos
661 1270 849 1318 autem
882 1259 1140 1320 libertatis
1184 1259 1435 1317 auctores
1488 1261 1691 1332 (tacite
1727 1262 1891 1324 Caflii
1924 1267 1983 1323 ὃς
2016 1263 2171 1322 Bruti

139 1337 435 1404 discessum
472 1356 541 1396 ex
575 1337 727 1396 Italia
755 1334 1145 1420 reprehendit>
1179 1336 1373 1394 urbem
1408 1336 1641 1393 vestram
1675 1378 1693 1404 ‚
1732 1340 1975 1404 Antonii
2008 1340 2172 1399 armis

140 1413 463 1491 oppressam
484 1457 500 1483 ,
540 1413 854 1478 desereretis
875 1453 891 1480 ,
932 1412 1030 1490 qui
1061 1423 1228 1470 etiam
1256 1453 1274 1481 ,
1314 1410 1487 1470 Italiae
1517 1410 1611 1469 sua
1641 1414 1801 1475 vobis
1837 1416 2008 1475 studia
2040 1435 2176 1494 pro?

140 1492 334 1550 fitenti
356 1535 372 1560 ,
409 1490 696 1549 remisistis,
1394 1521 1401 1526 »
1484 1520 1491 1524 ·
2154 1539 2159 1550 .

220 1569 369 1635 Mihi
398 1587 591 1649 quoque
619 1565 736 1644 ipfi]
776 1564 982 1630 indicat
1013 1563 1064 1623 se
1089 1559 1214 1622 'non
1246 1560 1403 1623 fuisse
1422 1563 1773 1626 disceffurum
1794 1611 1811 1637 ‚
1852 1568 1954 1628 nisi
1969 1557 2170 1636 Brutus

145 1645 207 1704 &
240 1645 455 1708 Caflius
488 1686 505 1712 ,
600 1660 700 1699 uos
736 1642 980 1710 maxime
1013 1640 1303 1702 subsidium
1338 1642 1495 1701 ferre*
1517 1642 1784 1720 oppressae
1818 1647 1951 1721 reip.
2001 1651 2170 1721 oporss

143 1733 367 1790 tuerat,
406 1729 535 1778 ante
606 1715 928 1800 isceffiffent.
958 1717 1017 1775 δε
1051 1716 1326 1798 duplicem
1365 1717 1523 1775 affert
1552 1736 1654 1794 pro
1689 1719 1876 1796 seipso
1896 1721 2171 1786 defensio-

147 1815 322 1867 nem,
361 1809 483 1855 tum
517 1794 674 1874 qued
705 1795 960 1868 ipsorum
979 1793 1335 1862 liberatorum
1374 1795 1639 1869 exemplo*
1666 1794 1955 1855 discesserit
1980 1841 2005 1868 ἲ,
2044 1810 2169 1874 tum

147 1875 307 1953 quod
335 1891 573 2008 prppere
605 1871 795 1930 tamen
829 1869 1050 1928 redierit
1069 1870 1201 1948 ,qui
1236 1865 1520 1930 disceffum
1553 1871 1736 1945 areip.
1755 1873 2006 1947 periculis
2026 1875 2169 1937 ferre

147 1969 269 2010 non
345 1955 401 2009 oi
428 1962 499 2009 et.
1638 1995 1646 2012 ,
2156 1948 2165 1957 ’

224 1969 517 2108 Ειᾷανκηι
548 2025 716 2089 diebus
746 2023 936 2103 auster]
980 2015 1131 2100 quasi
1166 2021 1452 2086 discessum
1486 2023 1678 2084 meum
1710 2023 1788 2082 dii
1818 2043 1935 2083 non
1970 2009 2169 2100 proba-f

149 2117 274 2164 rent
294 2149 310 2174 ,
352 2104 450 2182 qui
481 2103 770 2161 etesiarum
804 2100 992 2159 diebus
1012 2099 1248 2160 austrum
1279 2099 1474 2176 spirare
1492 2111 1690 2174 praeter
1706 2102 2167 2165 consuetudinem

151 2182 448 2245 voluerint.
493 2177 639 2257 etefix
688 2189 876 2238 autem
925 2177 980 2243 in
1032 2177 1311 2237 orientem
1340 2176 1723 2252 navigantibus
1754 2178 1975 2238 secundi
2008 2178 2165 2250 sunt,

150 2260 314 2333 auster
345 2259 403 2317 in
437 2257 825 2319 occidentem:
867 2256 1054 2331 itaque
1089 2254 1353 2314 Ciceroni
1385 2255 1667 2314 Graeciam
1691 2258 1906 2331 petenti
1920 2255 2164 2333 prosperi

154 2336 373 2404 etefiae,
413 2345 604 2392 contra
633 2332 848 2391 auster..
2124 2326 2165 2337 “”

229 2420 296 2468 Te
331 2413 442 2469 vidi
476 2409 634 2487 Velia]
675 2408 828 2483 supra
849 2450 865 2477 ,
907 2408 965 2464 ὅ(
994 2405 1296 2484 Philippica
1335 2426 1382 2467 1.

226 2487 355 2563 Pag.
393 2487 513 2565 136.
554 2485 822 2570 Sapientis]
866 2483 1074 2549 Stoici,
1114 2501 1360 2558 quorum
1397 2481 1601 2545 sectam
1632 2483 1867 2552 Brutus,
1906 2483 1973 2541 ab
1991 2500 2179 2541 avun-·

93 2634 96 2635 ⁷
158 2565 283 2624 culo
313 2565 409 2622 suo
444 2564 529 2620 M.
550 2562 770 2619 Catone
803 2560 1111 2627 institutus,
1151 2559 1516 2634 sequebatur,
1556 2561 1750 2634 fugere
1767 2559 2041 2632 negabant
2059 2557 2167 2619 effe

156 2642 438 2718 sapientis:
479 2656 652 2716 quem
683 2636 829 2701 nulla
860 2653 918 2693 re
949 2634 1285 2708 perturbari,
1305 2634 1442 2695 nihil
1473 2635 1672 2692 timere
1694 2633 2034 2693 affirmabant
2055 2635 2165 2694 :ita

157 2717 478 2797 sequebatur
497 2757 513 2783 ,
553 2725 616 2771 ut
647 2729 753 2771 nec
785 2713 1034 2790 sugeret:
1074 2711 1237 2769 timet
1271 2710 1423 2768 enim
1443 2752 1459 2778 ,
1498 2710 1597 2787 qui
1629 2712 1788 2786 fugit.

233 2802 292 2852 A
307 2791 601 2869 cervicibus]
642 2807 771 2848 cum
790 2787 1073 2846 Antonius
1092 2828 1109 2853 ,
1129 2785 1511 2845 Macedonicis
1527 2788 1830 2860 legionibus
1846 2787 2130 2849 instructus
2145 2834 2165 2861 ,

161 2870 315 2935 bonis
347 2870 511 2929 iratus
542 2866 738 2924 urbem
773 2874 1024 2939 peteret,
1064 2863 1407 2922 Octavianus
1426 2864 1643 2938 privato
1663 2863 1892 2923 consilio
1911 2864 1963 2922 se
1982 2883 2164 2943 oppo-

162 2947 280 3008 suit.
315 2965 396 3022 ep.
433 2963 518 3019 25.
554 2936 643 3001 lib.
676 2959 802 2999 xx1.
838 2940 970 2998 fam.
1006 2939 1397 3015 &Philippica
1434 2959 1555 3000 111.
1593 2957 1678 3001 IV.
1711 2959 1767 3001 v.

234 3020 651 3103 Honorificum,]
693 3018 965 3093 placeret,
1002 3015 1155 3074 nimis
1185 3015 1527 3090 honortficum.

237 3099 512 3175 Philippus]
571 3097 638 3154 L.
674 3093 916 3152 Marcius
948 3091 1228 3167 Philippus
1263 3134 1279 3160 ,
1335 3094 1435 3169 qui
1468 3093 1814 3153 consulatum
1844 3094 1999 3168 gestit
2032 3112 2165 3158 cum

167 3177 488 3246 Marcellino
509 3216 527 3243 ,
569 3169 869 3231 Ostaviani
897 3168 1122 3227 vitricus
1156 3188 1186 3226 e
1227 3168 1305 3231 ist,
1338 3188 1424 3227 21.

241 3251 581 3328 eeleritatem]
624 3246 996 3325 magistratus,
1038 3256 1098 3303 ut
1133 3262 1196 3302 ce
1218 3246 1361 3303 erius
1380 3243 1554 3320 poss'et
1570 3258 1793 3321 petere,
1833 3248 2167 3323 quamleoes

165 3330 556 3416 permitterent.
586 3324 644 3382 id
676 3332 867 3380 autem
899 3321 1009 3383 Ser.
1030 3321 1296 3396 Sulpicius
1332 3320 1594 3383 decrevit.
1629 3323 1757 3391 sed,
1797 3341 1928 3383 cum
1959 3324 2048 3381 ille
2106 3343 2165 3382 e·
2208 3330 2211 3333 '

170 3403 406 3467 crevisset
425 3445 443 3472 ,
481 3412 544 3466 ut
577 3398 921 3461 Octavianus
953 3398 1106 3456 verbi
1121 3397 1292 3471 gratia
1325 3397 1522 3456 decem
1540 3399 1695 3458 annis
1708 3399 1933 3458 celerius
1953 3443 1971 3468 ‚
1991 3418 2162 3474 quam

169 3500 260 3567 per
288 3482 430 3556 leges
460 3478 685 3543 liceret,
725 3487 912 3550 petere
945 3470 1157 3546 posset,
1198 3471 1415 3531 Isaurici
1446 3472 1584 3533 filius
1605 3475 1861 3537 Servilius
1879 3474 2165 3542 decrevit,

169 3571 229 3618 ut
257 3560 419 3617 etiam
454 3555 738 3631 aliquanto
772 3550 1015 3607 celerius.
1052 3548 1207 3626 quod
1241 3560 1432 3607 autem
1467 3551 1683 3610 Servius
1715 3551 1961 3608 decrevit
1983 3593 2000 3618 ,
2040 3550 2164 3623 opi-i

172 3652 271 3694 nor
299 3635 405 3691 hoc
440 3633 514 3689 est
546 3674 563 3700 ,
616 3640 678 3689 ut
710 3642 994 3701 tamquam
1040 3623 1363 3702 quaestorius
1407 3639 1597 3700 petere
1627 3625 1803 3701 poffet
1839 3616 2165 3685 oetavius‘:

174 3709 318 3797 quod
349 3706 637 3775 Servilius,
677 3718 737 3764 ut
767 3714 1057 3776 tamquam
1092 3698 1403 3776 praetoriuS.
1431 3721 1516 3777 ep.
1552 3702 1601 3760 8.

245 3786 550 3865 aperimur]
592 3800 710 3845 non
743 3778 982 3843 omnino
1013 3776 1316 3914 displiceffit
1332 3819 1351 3847 ,
1391 3778 1721 3855 Reperiuntur
1736 3820 1754 3850 ‚
1792 3788 1854 3838 ut
1886 3778 1961 3839 est
1977 3778 2034 3837 in
2069 3796 2169 3836 an·-

965 3868 980 3881 “
1336 3871 1373 3928 4
1601 3862 1643 3892 '·
2001 3856 2167 3932 tiquis

799 4080 873 4109 ’Ὗ
