2514 4438
349 261 360 272 ⁴
450 290 545 341 m
593 264 703 363 Q
738 263 936 337 Cic.
984 287 1105 336 οε
1153 264 1473 340 Pla-rvr.
1521 266 1924 345 Consta}
2090 272 2240 375 265

219 405 306 447 nes
334 407 455 474 qnos
470 386 771 463 flagitium,
807 383 985 460 egestas
1002 425 1020 451 ,
1057 382 1272 457 conscius
1296 384 1504 441 animus
1535 386 1869 461 exagitabat;
1911 386 1970 444 hi
1996 390 2238 450 Catilina

249 465 434 523 roxnni
447 463 838 539 familiaresque
862 474 1030 517 erant.
1063 458 1169 516 Per
1187 458 1391 519 Curios
1421 461 1589 536 igitur
1606 505 1624 531 ,
1640 463 1864 521 Annios
1895 464 1957 522 &
1991 463 2241 541 Sapalas,

208 480 539 618 {ujusmodi
570 539 830 601 homines
861 533 1168 610 accipiendi
1184 535 1324 593 sunt.
1362 537 1436 595 Et
1451 535 1524 594 de
1541 538 1718 596 Curio
1731 538 1967 616 quidem
1986 541 2235 609 ,Ascon.

213 619 275 677 in
307 629 449 676 orat.
480 618 542 674 in
573 625 818 689 compet.
860 613 1050 669 Curius
1073 611 1154 667 hic
1170 612 1564 687 notiffimusfnit
1582 613 1778 674 aleator
1792 657 1813 685 ‚
1850 616 2235 698 damnatusque

200 695 372 771 postea
403 694 490 766 est.
529 692 730 751 Sallust.
775 699 837 745 In
868 709 926 744 ea
957 689 1300 764 conjuratione
1313 691 1433 762 ficit
1463 691 1741 763 chrius
1759 734 1777 761 ,
1817 708 1976 749 natus
1988 694 2238 752 haudob-

193 774 356 849 scuro
383 771 484 825 loco
499 812 516 838 ,
544 767 757 846 flagitiis
787 780 943 843 atque
958 764 1278 837 facinoribus
1311 779 1557 842 coopertus
1575 809 1593 835 ,
1612 788 1760 846 quem
1811 783 1974 825 enata
2004 772 2235 846 censores,

199 846 381 923 probri
403 846 580 922 gratia
598 886 616 913 ‚
653 856 947 901 moverant.
984 842 1178 917 Atque
1209 842 1304 898 hic
1321 842 1429 911 est,
1468 860 1753 920 perquem
1810 844 1990 903 etecta
2007 846 2240 906 estcon-

206 922 439 998 juratio.
514 911 795 996 Quaefivit
822 929 1016 978 autem
1048 928 1312 982 ornatum
1349 935 1418 975 ex
1452 919 1953 988 annominatione;
1989 942 2057 980 ex
2091 923 2236 983 curia

217 999 438 1056 Curios:
478 1010 542 1054 ut
573 998 659 1054 M.
689 995 824 1054 Tul.
854 995 946 1052 lib.
985 1014 1032 1052 1.
1064 991 1135 1051 de
1166 994 1274 1068 leg.
1301 994 1399 1050 Ad
1430 996 1745 1062 Vennonium
1778 999 1973 1068 venias.

294 1081 368 1134 Et
401 1074 608 1144 Annios
674 1075 750 1148 Q.
767 1072 1021 1136 Annium
1041 1068 1307 1145 fignificat
1325 1112 1342 1137 ,
1382 1089 1555 1148 quem
1577 1114 1593 1139 ,
1633 1072 1794 1132 fimul
1812 1092 1943 1135 cum
1964 1074 2143 1134 Curio
2160 1094 2234 1136 ex

212 1150 498 1211 senatorio
533 1167 600 1207 or
643 1149 654 1158 '
700 1167 732 1206 e
753 1190 770 1217 ,
810 1148 1140 1223 participem
1174 1144 1333 1203 fuiss'e
1367 1148 1765 1223 conjurationis
1800 1150 2001 1210 Sallust.
2034 1166 2237 1212 narrat.

242 1222 256 1229 ”
295 1226 387 1283 Ab
423 1226 599 1282 Atriis
628 1225 838 1302 Sapalas
869 1242 938 1286 <2⁹
969 1222 1246 1299 Carvilios]
1288 1224 1448 1281 Atria
1476 1226 1601 1287 haec
1618 1225 1740 1283 sunt
1754 1226 1879 1285 loca
1898 1269 1916 1296 ,
1956 1229 2015 1286 in
2034 1229 2235 1306 quibus

215 1301 367 1362 bona
398 1302 781 1374 obaeratorum
811 1298 1254 1366 divendebantur
1286 1321 1306 1366 ;
1348 1317 1478 1375 quae
1512 1301 1586 1358 ob
1621 1301 1678 1359 id
1710 1301 2054 1372 aufflonaria
2085 1305 2235 1366 dista

214 1375 357 1437 sunt.
385 1379 503 1436 Cic.
535 1379 715 1453 prima
747 1387 886 1434 orat.
915 1376 974 1449 in
1008 1369 1255 1434 Rullum.
1334 1385 1440 1442 Hoc
1469 1378 1627 1436 etiam
1660 1378 1938 1457 neqmffimi
1969 1380 2195 1439 homines
2213 1424 2235 1451 ,

210 1456 514 1532 consumptis
535 1453 862 1531 patrimoniis
873 1452 1087 1524 jaciunt
1106 1493 1123 1518 ,
1162 1467 1223 1508 ut
1253 1452 1310 1507 in
1340 1453 1487 1514 atriis
1502 1453 1833 1511 aufflonariis
1849 1498 1866 1525 ,
1877 1457 2046 1532 potius
2063 1478 2227 1535 quam

213 1527 272 1604 'in
305 1533 477 1606 triviis
510 1546 609 1588 aut
637 1531 695 1586 in
726 1529 947 1605 compitis
978 1528 1354 1600 auffionentur.
1428 1527 1535 1586 Per
1561 1529 1665 1588 hos
1697 1547 1831 1605 ergo
1863 1543 2124 1606 putamus
2144 1534 2233 1593 in-

216 1608 386 1683 telligi
416 1608 678 1677 homines
710 1617 933 1680 egentes
956 1622 1233 1681 ,quorum
1266 1605 1504 1662 bona'in
1534 1605 1761 1665 iisatriis
1779 1607 2073 1667 veniifl‘ent
2091 1652 2109 1679 ‚
2134 1621 2234 1669 aut

213 1686 315 1760 qui
349 1685 459 1756 v1le
486 1681 716 1761 aliquod
750 1681 1002 1740 officium
1035 1682 1092 1740 in
1121 1681 1312 1758 iisdem
1348 1679 1745 1751 exercuiffent,
1785 1696 1849 1740 ut
1877 1688 2231 1759 praeconium

213 1773 311 1834 aut
339 1760 477 1837 quid
505 1760 629 1819 tale.
660 1760 784 1816 Cic.
816 1770 954 1816 orat.
987 1775 1089 1833 pro
1121 1756 1180 1814 P.
1199 1756 1513 1832 Quinctio:
1557 1758 1773 1830 Tollitur
1788 1760 1854 1824 ab
1869 1762 2015 1818 atriis
2031 1763 2234 1832 Liciniis

209 1851 369 1915 atque
395 1859 422 1894 e
442 1851 722 1912 precanum
753 1834 964 1910 conseffu
1000 1836 1228 1890 Navius.
1893 1839 1899 1844 ”

289 1913 526 1991 Sapalas]
565 1912 626 1982 in
655 1929 776 1970 uno
808 1911 1010 1987 scripto
1045 1911 1120 1986 est
1150 1909 1483 1985 existrapalas
1501 1951 1518 1978 ,
1559 1909 1799 1968 omnino
1831 1928 2048 1974 nomen
2064 1914 2230 1990 igno·

213 2001 360 2052 tum.
475 2047 480 2052 ,
917 2001 920 2002 ’

219 2052 225 2058 ’
291 2071 381 2121 Ex
410 2086 436 2128 e
471 2064 618 2138 uestri
650 2065 819 2137 ordine
851 2062 1116 2140 Pompilios
1145 2081 1212 2124 ω·
1247 2061 1447 2140 Cnaeos]
1503 2061 1563 2119 hi
1593 2063 1693 2137 qui
1727 2063 1965 2134 fuerint,
2007 2065 2233 2141 ignora-

213 2158 358 2214 mus.
466 2161 503 2199 n
535 2157 682 2200 voce
715 2141 927 2211 cneios,
965 2141 1148 2216 aliqua
1179 2140 1412 2199 varietas
1448 2137 1521 2194 est
1554 2139 1611 2195 in
1643 2138 1847 2214 scriptis
1881 2160 1895 2198 :
1934 2140 2030 2200 sed
2057 2143 2232 2203 video

251 2215 429 2278 lacere
461 2217 638 2277 dostis
672 2226 843 2276 Cnaeos
876 2262 892 2287 ,
971 2218 1031 2275 ui
1061 2218 1232 2276 etiam
1265 2214 1623 2275 observarunt
1657 2223 1829 2276 Cneos
1859 2260 1879 2286 ,
1928 2233 2161 2294 gentem
2195 2240 2231 2282 a

210 2236 565 2375 graenomine
596 2304 744 2367 Cnaeo
775 2236 1088 2354 dedugam.

217 2386 222 2389 ·
286 2372 641 2451 Compararit]
683 2372 819 2430 Aldi
851 2371 1031 2430 codex
1064 2371 1323 2445 scriptus,
1363 2369 1717 2446 compara-vin
1760 2370 1920 2447 quod
1949 2373 2149 2446 probo,

285 2449 397 2523 §Lai
426 2463 643 2517 tanturn
673 2448 824 2521 habet
854 2448 1099 2524 audacia]
1141 2445 1354 2502 dietum
1388 2445 1463 2502 est
1492 2458 1652 2502 antea
1685 2443 1756 2505 de
1775 2447 2234 2509 Catilinaelibidi-

210 2543 283 2582 ne
318 2524 348 2582 :⁷
388 2525 484 2584 sed
514 2524 753 2581 servavit
784 2523 843 2580 in
874 2534 1131 2586 extremo
1165 2519 1378 2586 factum
1410 2519 1467 2577 in
1509 2536 1569 2578 re
1608 2519 1870 2591 Venerea
1898 2533 2014 2581 tam
2049 2524 2231 2585 audax

125 2648 128 2657 ⁴
211 2619 382 2677 quam
414 2598 724 2673 nefandum
744 2642 762 2669 ,
802 2598 959 2676 quod
990 2597 1351 2674 hyperbolice
1383 2594 1606 2654 videtur
1633 2613 1836 2673 augere
1866 2618 1885 2664 ς
1927 2598 2021 2657 sed
2055 2600 2132 2659 ita
2163 2617 2229 2663 ut

211 2695 331 2753 non
358 2679 527 2753 longe
560 2675 693 2734 abfit
723 2694 755 2734 a
789 2677 1021 2733 veritate
1042 2716 1059 2743 ,
1098 2668 1139 2730 fi
1173 2673 1405 2733 Catonis
1438 2673 1495 2731 in
1529 2672 1687 2731 illum
1722 2671 2055 2733 declamatio
2077 2677 2228 2755 lega-

210 2766 333 2821 tur;
354 2757 454 2831 qui
486 2755 602 2830 ejus
635 2751 876 2811 domum
898 2751 1212 2828 ‚sacrarium
1243 2750 1513 2806 libidinum
1543 2748 1856 2824 appellavit.
1895 2751 2045 2810 Nam
2065 2755 2226 2829 quod

212 2830 268 2888 in
301 2843 595 2906 parentum
628 2830 848 2905 gremio
878 2829 1144 2903 stupratos
1173 2826 1373 2884 liberos
1390 2824 1522 2884 dicit
1543 2868 1559 2894 ,
1579 2826 1934 2902 intelligimus
1953 2871 1971 2897 ,
1991 2827 2111 2903 ipfis
2129 2848 2227 2905 pa-

214 2907 458 2965 rentibus
494 2910 619 2983 (pro
636 2905 843 2983 pudor)
878 2903 1373 2981 consentientibus;
1414 2901 1505 2959 vel
1533 2901 1690 2988 quod
1721 2904 1782 2961 &
1813 2902 1911 2981 ipsi
1944 2923 2012 2964 ex
2034 2906 2229 2966 Catili-

213 3002 306 3042 nae
338 2985 590 3058 gregibus
622 2981 794 3051 effent
814 3025 831 3050 ‚
867 2982 958 3049 vel
990 2978 1147 3057 quod
1161 2979 1229 3037 ab
1246 2980 1364 3055 ejus
1381 2978 1541 3036 vafro
1559 2979 1787 3053 ingenio
1806 3022 1823 3049 ,
1862 2992 1925 3039 ut
1942 2982 2104 3041 multi
2122 2983 2227 3041 bo-

212 3063 270 3119 ni
305 3104 322 3128 ‚
377 3058 596 3136 decepti
631 3103 648 3135 ,
704 3059 845 3117 filios
878 3057 1119 3128 domum
1162 3057 1279 3131 ejus
1311 3055 1661 3131 frequentare
1691 3071 1809 3114 non
1850 3058 2228 3134 prohiberent.

211 3139 408 3212 Atque
438 3137 569 3199 ideo
602 3134 790 3194 dixisse
823 3148 961 3211 puto
994 3148 1206 3195 tantum
1239 3130 1372 3187 artis
1404 3148 1469 3192 <9¹
1498 3130 1805 3206 efficacitatis
1831 3134 2050 3193 habere.

290 3213 600 3291 Efficacitas]
640 3208 876 3270 verbum
909 3228 1129 3277 rarum3
1170 3207 1264 3266 sed
1294 3218 1509 3265 tantam
1545 3209 1662 3267 vim
1683 3208 1823 3267 sono
1843 3209 1961 3285 ipso
1977 3211 2182 3272 habens
2204 3258 2222 3285 ,

251 3301 486 3349 uantum
531 3308 589 3347 re
641 3289 921 3364 fignificat.
997 3285 1186 3344 Verba
1225 3295 1418 3353 autem
1448 3286 1699 3344 materiae
1732 3285 1911 3349 modo
1946 3291 2225 3353 cernenda

237 3375 353 3425 unt.
388 3365 618 3439 Quin&
649 3366 740 3423 lib.
773 3365 826 3422 8.
1689 3382 1695 3389 ·

289 3445 650 3516 praetextatos]
690 3441 1003 3517 impuberes
1023 3481 1040 3512 ,
1080 3438 1176 3515 qui
1204 3449 1339 3514 toga
1369 3447 1636 3513 praetexta
1664 3437 1961 3498 utebantur
1993 3481 2009 3507 ,
2048 3442 2224 3519 usque

209 3519 281 3589 ad
313 3517 598 3576 decimum
629 3519 925 3593 septimum
955 3516 1132 3574 aetatis
1162 3532 1374 3574 annum
1394 3555 1409 3582 ‚
1452 3531 1579 3573 cum
1614 3514 1900 3575 sumebant
1914 3532 2110 3591 puram
2128 3531 2221 3577 to-

210 3614 359 3675 gam.
392 3594 513 3651 Cic.
547 3593 617 3651 dc
643 3595 921 3652 amicitia:
949 3591 1149 3667 summi
1168 3605 1443 3669 puerorum
1474 3611 1667 3650 amores
1687 3588 1808 3670 saepe
1841 3611 1951 3649 nna
1967 3606 2223 3672 cumpre-

215 3687 360 3729 texta
381 3714 398 3741 ,
428 3670 640 3746 sumpta
674 3688 785 3746 toga
806 3714 823 3739 ,
860 3672 1195 3746 deponuntur.

289 3747 671 3826 Constuprarit]
710 3744 830 3806 satis
864 3757 980 3805 erat
1010 3745 1192 3804 dicere
1215 3746 1465 3823 stuprarit
1500 3766 1516 3811 ;
1559 3743 1649 3802 sed
1683 3744 1743 3803 &
1774 3743 1973 3804 sonum
2007 3746 2067 3805 ὃ(
2100 3764 2223 3809 rem

213 3823 345 3884 illud
378 3844 467 3881 con
498 3836 663 3899 auget
680 3844 698 3889 ς
741 3837 801 3881 ut
832 3824 888 3881 in
918 3822 1267 3899 confteleratus
1285 3866 1302 3894 ,
1340 3821 1703 3957 coSntruce'dare.
1778 3822 1869 3882 Ac
1885 3820 2055 3882 video
2060 3824 2227 3959 ΓῙιιιῃς

1451 3915 1489 3971 4
2084 3917 2138 3957 Cf
2141 3917 2224 3975 112·
