2514 4438
310 239 452 328 274
665 228 1118 303 PAnnnm
1168 223 1956 307 commmunms

306 356 468 405 taret.
541 346 636 406 Est
659 343 1021 406 necessarium
1041 390 1059 417 ,
1097 347 1312 424 inquit:
1346 364 1481 405 nam
1512 346 1654 406 servi
1685 347 1756 407 de
1786 348 2156 413 dominorum
2185 341 2332 416 vita

304 433 375 478 ac
406 423 650 493 moribus
680 421 1029 483 diffeminare
1055 423 1338 483 sermones
1367 422 1545 483 solent
1559 463 1580 494 ‚
1617 441 1687 483 ex
1704 425 1900 503 quibus
1915 427 2066 489 bona
2079 430 2175 490 vel
2188 449 2329 491 ma-

305 493 362 557 la
390 498 539 558 fama
565 499 849 559 excitatur.
1997 568 2012 574 ‚

380 583 442 631 A
472 575 739 649 domesticis
766 591 982 634 emanat
1010 577 1325 656 aub‘toribus]
1379 576 1589 654 quippe
1618 577 1816 656 quibus
1845 581 2098 640 maxime
2133 583 2327 642 credi-

305 659 397 707 tur
413 692 433 718 ,
471 650 630 729 quod
660 653 922 711 omniurn
953 654 1169 729 optime
1196 671 1301 713 nos
1327 654 1586 729 cognitos
1611 654 1880 715 habeant:
1922 676 1994 716 ex
2023 676 2145 735 quo
2178 659 2328 718 sslud

307 728 596 786 emanavit
623 729 880 804 proverb.
910 725 1195 802 domesticus
1225 729 1355 803 testis
1385 751 1405 797 3
1446 729 1518 788 de
1551 748 1622 789 eo
1641 775 1660 802 ,
1696 734 1796 810 qui
1821 733 1984 792 facile
2013 733 2175 794 noss‘e
2194 779 2213 806 ,
2259 738 2330 794 δι

306 801 466 877 cujus
495 802 817 864 testimonio
847 804 981 864 fides
1008 805 1197 864 haberi
1224 805 1405 880 poffit.
1482 806 1572 866 Sic
1605 810 1758 867 enim
1786 809 2009 868 videtur
2038 812 2330 888 interpre-

305 878 576 945 tandum3
618 880 748 940 licet
777 878 846 938 de
876 881 990 939 hoc
1021 881 1080 939 in
1110 884 1288 941 varias
1314 881 1606 943 sententias
1635 884 1734 943 scri
1772 897 1920 945 tores
1950 883 2266 948 discedant.

381 955 576 1012 Deinde
605 956 896 1029 instituendi
909 956 1069 1035 sunt]
1108 957 1177 1017 ad
1209 958 1422 1017 amicos
1440 1001 1457 1028 ,
1496 977 1637 1038 quos
1664 961 1737 1020 ha
1775 973 1831 1021 et
1849 1004 1868 1032 ,
1905 962 2044 1024 alios
2060 976 2244 1042 atque
2261 984 2330 1024 a·

299 1028 436 1100 lios,
477 1050 546 1090 cx
575 1032 796 1092 diverfis
823 1033 1126 1092 hominum
1154 1035 1446 1112 generibus
1477 1078 1496 1105 ,
1551 1035 1834 1097 addendos
1864 1036 2000 1098 dicit
2029 1063 2049 1109 3
2093 1042 2323 1118 eosque

303 1108 466 1165 variis
497 1108 568 1165 de
601 1108 785 1168 causis.
862 1109 1000 1167 Tria
1033 1111 1198 1185 igitur
1228 1112 1535 1170 hominum
1562 1126 1767 1187 genera
1795 1115 1960 1193 ponit
1992 1138 2012 1185 3
2053 1134 2320 1193 quorum

301 1182 397 1240 alii
424 1182 646 1243 illustres
671 1185 829 1254 sunt,
866 1184 996 1243 licet
1028 1186 1262 1261 privati,
1299 1188 1392 1246 alii
1407 1189 1780 1263 magistratum
1796 1202 2034 1266 gerunt3
2073 1194 2317 1268 aliigm-

298 1260 379 1316 tia
409 1261 699 1320 excellunt.
737 1259 966 1321 Illustres
996 1260 1324 1338 dignitatem
1354 1265 1580 1339 petitori
1609 1265 1850 1325 afferunt
1862 1289 1882 1336 3
1921 1269 2273 1343 magistratus
2296 1307 2318 1338 ,

298 1347 376 1392 ne
410 1332 553 1394 fraus
584 1336 713 1407 fiat,
751 1336 1082 1414 provident3
1121 1339 1344 1414 gratiosi
1375 1341 1643 1400 centurias
1662 1341 1983 1402 conficiunt.
2059 1343 2213 1404 Haec
2231 1347 2315 1405 est

298 1411 411 1467 loci
442 1412 604 1488 hujus
633 1414 901 1474 sententia
933 1433 949 1471 ι
1001 1413 1095 1474 sed
1141 1417 1216 1475 ita
1248 1427 1403 1476 erant
1433 1429 1690 1493 corrupta
1720 1419 1889 1477 verba
1922 1420 1983 1478 &
2013 1422 2312 1499 interpun-

302 1485 516 1546 &iones
559 1493 891 1564 perturbatae
917 1531 937 1559 ‚
989 1501 1054 1547 ut
1084 1492 1210 1551 elici
1241 1493 1549 1557 commode
1578 1511 1698 1554 non
1728 1491 1905 1570 poffet
1939 1498 1969 1566 ‚²
1994 1495 2101 1557 nifi
2136 1499 2197 1559 in
2231 1516 2311 1559 eo

301 1573 433 1621 ante
463 1564 557 1622 alii
585 1565 932 1627 laborassent:

377 1639 476 1695 Ad
490 1640 681 1716 speciem
698 1685 715 1712 ,
733 1643 954 1716 homines
969 1639 1315 1779 mustnqqad
1347 1658 1608 1708 ornatum
1641 1649 1922 1726 quendam
1958 1651 2321 1710 exteriorem‘

299 1718 760 1790 comparandum.
794 1718 867 1778 fic
895 1720 1144 1797 loquitur
1246 1767 1260 1780 .
1281 1723 1405 1792 Cic.
1431 1727 1592 1784 tertia
1612 1727 1772 1788 Verr.
1803 1733 1996 1785 forum
2011 1726 2305 1785 comitiuma

296 1805 395 1870 que
423 1790 738 1852 adornatum
770 1836 788 1864 ,
840 1795 912 1852 ad
926 1794 1130 1872 speciem
1164 1839 1181 1865 ,
1235 1801 1497 1874 magnifico
1527 1819 1734 1863 ornatu.
1812 1804 1964 1861 Cum
1989 1802 2080 1861 his
2108 1807 2300 1862 autem

297 1866 650 1928 consentiunt
677 1871 764 1930 illa
780 1914 800 1940 ‚
839 1888 969 1952 quae
1001 1871 1259 1933 dicuntur
1286 1876 1357 1934 ad
1387 1875 1597 1938 finem:
1639 1886 1769 1937 Tota
1790 1880 2001 1956 petitio,
2039 1898 2169 1936 cura
2188 1924 2205 1949 ,
2238 1894 2301 1937 ut

280 1955 470 2021 pompa
487 1945 641 2022 plena
658 1946 735 2023 fit
753 1990 771 2017 ,
811 1964 875 2007 ut
899 1947 1104 2022 illustris
1122 1993 1139 2019 ‚
1179 1967 1238 2007 ut
1259 1951 1521 2029 splendida
1552 1998 1571 2027 ‚
1609 1971 1671 2013 ut
1690 1954 1946 2035 popularis
1963 1995 1985 2025 ,
2020 1970 2088 2012 ut
2115 1953 2304 2014 babeat

280 2019 554 2097 summam
574 2023 783 2100 speciem
812 2043 873 2081 ac
903 2023 1217 2100 dignitatem.
1904 2083 1905 2086 ,

311 2113 318 2118 ·
372 2099 611 2166 Hmines
637 2099 874 2180 illustres]
929 2102 1074 2160 male
1119 2102 1177 2162 in
1212 2106 1473 2167 omnibus
1503 2104 1649 2167 libris
1680 2109 1965 2185 legebatur
1993 2109 2216 2167 hominis
2247 2108 2309 2165 il-

292 2170 465 2245 lustris
496 2214 515 2242 ,
568 2175 813 2237 secundo
846 2176 986 2236 casu.
1060 2177 1290 2239 Illustres
1316 2182 1534 2243 honore
1570 2179 1647 2244 ac'
1667 2188 1904 2246 nomine
1938 2224 1957 2256 ,
2035 2186 2095 2244 ui
2126 2186 2308 2260 magia

293 2246 520 2309 stratum
551 2249 838 2326 gefferint3
879 2252 937 2311 id
969 2254 1122 2313 enim
1156 2257 1303 2315 valet
1330 2259 1549 2319 honos:
1591 2263 1652 2320 δε
1683 2280 1754 2323 ex
1789 2260 1975 2323 illustri
2045 2274 2108 2320 nt
2132 2262 2308 2321 fami-
2383 2304 2393 2339 s

290 2323 398 2386 lia:
438 2342 569 2386 nam
595 2346 810 2389 nomen
838 2346 941 2404 pro
971 2330 1181 2390 familia
1210 2331 1357 2409 saepe
1388 2337 1671 2412 accipitur.

372 2403 697 2480 Sffagandi
717 2406 891 2480 studia
922 2424 1024 2464 non
1054 2410 1294 2489 navant]
1334 2429 1453 2471 non
1487 2415 1640 2473 enim
1672 2414 1879 2493 patitur
1907 2434 2102 2477 eorum
2119 2414 2306 2491 digni·

290 2485 374 2536 tas
405 2522 423 2549 ,
445 2550 454 2551 ἶ
477 2493 540 2538 ut
569 2499 672 2556 pro
707 2483 985 2559 quibusvis
1014 2486 1289 2559 populum
1318 2500 1518 2565 rogent
1550 2533 1567 2560 ,
1620 2488 1721 2550 nifi
1752 2504 1953 2568 magna
1986 2490 2159 2553 cauffa
2207 2511 2308 2551 ur-

291 2567 454 2629 geat:
492 2567 558 2615 ut
588 2556 659 2616 de
691 2562 767 2633 Q.
788 2558 1025 2617 Metello
1049 2560 1154 2618 Pio
1187 2563 1410 2625 consule
1443 2565 1675 2637 dicitur,
1754 2571 1815 2627 ui
1828 2571 2099 2644 praetoriis
2119 2569 2306 2629 ςοῐῐιίὅ

293 2631 419 2702 tiis,-
456 2646 684 2707 petente
712 2637 802 2721 Q.
823 2633 1043 2693 Calidio
1074 2677 1092 2704 ‚
1128 2653 1261 2713 pop.
1296 2640 1563 2704 Romano
1597 2644 1731 2720 supp
1758 2645 1897 2703 ‘care
1928 2660 2047 2705 non
2079 2645 2302 2707 dubita-

290 2706 377 2765 vit
391 2730 411 2776 3
450 2720 515 2765 ut
542 2722 724 2784 gratus
753 2720 811 2768 in
845 2710 1001 2767 illum
1036 2710 1322 2772 videretur
1340 2757 1358 2785 ,
1399 2721 1553 2794 cujus
1584 2719 1708 2796 lege
1739 2722 1816 2796 Q.
1846 2721 2114 2783 Metellus
2144 2737 2305 2800 pater

287 2782 358 2841 ab
393 2784 560 2842 exilio
591 2792 883 2844 revocatus
918 2783 1067 2844 esset.
1106 2787 1225 2847 Cic.
1257 2808 1363 2866 pro
1394 2792 1659 2866 Plancio,
1699 2798 1759 2856 δε
1790 2794 1915 2856 Val.
1945 2799 2105 2858 Max.
2131 2801 2225 2860 lib.
2248 2821 2301 2878 ς,

287 2875 351 2917 ca
396 2903 408 2915 .
439 2876 491 2917 2.

352 2875 465 2991 {id
483 2934 744 3010 justitiam
774 2935 1127 3018 obtinendam]
1165 2939 1473 3005 duriuscule
1504 2947 1717 3008 dietum
1747 2948 1969 3019 videtur
1983 2947 2204 3010 obtinere
2208 2955 2304 3031 ju·
2406 2953 2416 2979 ⁸

276 3008 495 3081 stiriam.
529 3010 600 3089 *In
631 3014 908 3071 veteribus
937 3014 1082 3073 libris
1099 3058 1117 3084 ‚
1156 3015 1348 3079 dicunt
1379 3023 1550 3099 aliqui
1583 3025 1690 3085 effe
1709 3070 1727 3096 ,
1764 3027 1930 3104 adjus
1945 3027 2305 3092 obtinendum.

288 3084 356 3171 ld
387 3084 428 3143 fi
455 3103 653 3147 verum
686 3088 796 3158 est,
833 3107 951 3148 non
984 3090 1215 3175 dubim,
1255 3097 1392 3172 quin
1424 3099 1501 3157 ita
1535 3101 1833 3176 legendum
1865 3103 1929 3161 fit
1948 3127 1966 3172 3
2007 3105 2086 3164 fin
2123 3107 2305 3177 secus,

288 3159 446 3221 idem
480 3165 715 3235 cense0,
755 3165 913 3243 quod
945 3169 1084 3228 infra
1117 3169 1266 3241 dixi,
1305 3172 1374 3231 de
1406 3175 1736 3237 restituenda
1805 3181 1955 3239 ratia.
1992 3180 2307 3243 Estautem

289 3237 364 3293 ad
380 3238 640 3313 justitiam
671 3241 1032 3313 obtinendam,
1070 3247 1141 3305 ad
1169 3247 1580 3324 impetrandum
1615 3267 1678 3311 ut
1699 3257 1722 3331 j
1811 3275 1843 3314 e
1875 3254 2069 3317 omnia
2101 3260 2165 3318 in
2200 3278 2305 3319 co·

291 3313 466 3373 mitiis
497 3317 558 3373 δε
589 3316 850 3393 suffragiis
881 3319 1121 3380 serendis
1153 3336 1415 3398 agantur,
1453 3345 1525 3386 ne
1558 3328 1694 3406 quid
1724 3332 1928 3391 fraudis
1962 3331 2073 3392 fiat.
2115 3334 2182 3394 Id
2200 3355 2303 3396 vc-

289 3406 358 3449 ro
390 3391 728 3467 magistratus
758 3395 1011 3470 praestare
1038 3400 1297 3471 poterant
1312 3423 1330 3467 3
1354 3403 1414 3459 &
1446 3407 1728 3481 praecipue
1746 3409 1992 3468 consules
2011 3448 2028 3480 ‚
2047 3413 2149 3488 qui
2167 3429 2303 3471 cen-

287 3467 499 3527 turiatis
532 3468 773 3528 comitiis
806 3484 1079 3556 praeerant
1094 3496 1112 3540 3
1156 3476 1217 3534 δε
1246 3477 1452 3536 tribuni
1482 3480 1654 3539 etiam
1670 3483 1813 3557 pleb.
1829 3487 1928 3563 qui
1943 3486 2299 3547 interceden-

287 3540 368 3627 do
396 3548 653 3629 poterant
703 3547 933 3606 comitia
977 3546 1255 3612 dirimere.
1306 3553 1491 3615 Nicol.
1538 3552 1813 3620 Gruc'hius
1831 3605 1851 3633 ,
1888 3563 1979 3622 lib.
2010 3566 2064 3622 2.
2093 3558 2163 3622 de
2194 3580 2297 3622 co-

285 3627 474 3678 mirus.

333 3774 334 3777 ¹
360 3695 557 3781 Deinde
583 3697 811 3761 tribunos
830 3702 1010 3783 plebis]
1065 3706 1127 3764 &
1155 3706 1249 3765 hic
1276 3709 1784 3785 interpungendum
1817 3715 1894 3776 est
1928 3759 1947 3787 ,
2001 3718 2063 3776 &
2104 3716 2297 3793 legen-

283 3766 422 3841 dum
452 3771 649 3838 trabuni
676 3817 698 3849 ,
736 3779 1069 3843 nominandi
1097 3782 1220 3868 casu
1247 3824 1270 3856 ,
1327 3802 1446 3871 non
1474 3787 1782 3876 accusandi.
1858 3793 2014 3856 Nam
2043 3794 2303 3871 pendent

221 3880 222 3883 ¹
2124 3890 2129 3895 ·
2168 3889 2297 3932 om-
