2514 4438
388 286 491 357 'm
538 280 649 383 Q
692 277 896 355 Cic.
944 302 1065 354 nr.
1115 275 1439 355 Pssffiir.
1488 277 1894 357 CONSUL}
2061 277 2206 391 '27'7

164 395 284 456 {vita
315 396 660 476 diffimilitudo
692 415 796 452 non
826 395 893 468 est
918 394 1063 472 paffa
1097 395 1398 455 voluntates
1428 398 1624 470 nostras
1653 396 2008 477 conglutinaqi.

187 487 197 497 ·
240 474 368 550 Pag.
387 494 512 533 221.
556 480 640 531 M.
661 471 956 550 fundanii,
998 471 1254 551 ‹jz-Galli]
1296 473 1464 533 dehis
1483 473 1860 542 orationibus,
1902 474 2033 532 vide
2052 475 2197 550 frag-

164 561 360 612 menta
397 549 725 618 Ciceroni3‚
764 567 794 607 a
829 547 1037 606 Carolo
1071 547 1305 621 Sigonio
1336 550 1619 609 Romanae
1636 549 1980 625 antiquitatis
1999 551 2198 610 instau-

165 637 355 687 ‘ratore
388 626 637 685 colledta.
714 625 808 683 De
839 642 903 684 ea
931 641 1033 700 pro
1065 623 1337 684 Cornelio
1375 668 1393 696 ‚
1446 624 1593 702 apud
1624 625 1869 700 eundem
1901 627 2196 701 Sigonium

170 704 234 762 &
265 704 579 763 Asconium
613 699 940 760 Pedianum.
983 702 1160 758 Anno
1190 702 1485 780 postquam
1518 713 1727 777 praetor
1755 703 1937 760 fuerat
1957 704 2199 775 Cicer0‚

168 780 507 841 Cornelium
539 776 807 839 defendit.
1458 800 1473 813 x

245 864 348 916 Cn.
386 856 629 935 Cornelii]
670 872 790 914 non
825 854 931 914 Cn.
966 851 1060 912 sed
1079 853 1144 911 C.
1160 870 1495 928 praenomen
1508 856 1615 914 fuit
1633 856 1914 915 Corneliiz
1961 857 2103 917 &G
2122 856 2198 917 est

162 930 226 992 in
262 933 476 992 duobus
510 933 745 1008 scripti&
811 931 905 992 De
939 931 1196 988 oratione
1225 948 1331 1006 pro
1367 929 1438 989 L.
1472 931 1730 992 Corvino
1763 976 1781 1004 ‚
1835 935 2194 996 mentionem

164 1010 377 1069 nullam
409 1008 546 1068 vidi.
626 1008 908 1067 Corvinus
940 1023 1262 1081 cognomen
1291 1008 1472 1082 gentis
1508 1009 1750 1068 Valeriae
1785 1030 1799 1069 :
1845 1010 2065 1068 Corvus
2097 1029 2196 1069 au·-

164 1091 287 1158 tem
321 1086 571 1161 primum
606 1086 1040 1160 cognominatus
1076 1082 1150 1139 est
1181 1082 1438 1142 Valerius
1455 1083 1583 1154 ille,
1625 1087 1759 1162 qui,
1802 1104 1980 1145 corvo
1997 1088 2194 1146 faven-

162 1173 257 1232 te,
299 1163 537 1221 feliciter
570 1160 824 1220 adversus
844 1159 1072 1219 Gallum
1090 1162 1394 1234 pugnavit:
1440 1159 1510 1220 de
1570 1180 1647 1220 uo
1665 1161 1866 1221 Livius
1881 1162 1972 1221 lib.
1994 1179 2044 1235 7.
2084 1164 2196 1222 Ita-

122 1280 137 1292 .
166 1256 281 1315 que
314 1249 578 1315 putarunt
608 1236 763 1295 doeti
794 1236 1026 1313 quidam
1046 1277 1063 1303 ‚
1105 1237 1222 1310 ejus
1256 1238 1426 1295 etiam
1444 1180 1690 1312 pofferos
1707 1239 2196 1314 cognominandos

75 1337 96 1350 ²
166 1314 275 1374 effe
310 1333 511 1374 corvos
529 1321 552 1380 ς’
600 1313 696 1373 sed
730 1312 844 1372 fine
878 1309 1070 1370 cauffa.
1119 1310 1271 1370 Nam
1304 1324 1678 1392 praeterquam
1710 1314 1868 1391 quod
1897 1315 2195 1376 innumera

165 1387 295 1449 sunt
325 1392 669 1467 cognomina
702 1387 854 1465 apud
887 1390 1180 1446 Romanos
1211 1389 1288 1447 ita
1323 1388 1523 1450 inflexa
1558 1432 1576 1459 ‚
1617 1402 1678 1448 ut
1709 1391 1946 1449 Rufinus
1981 1431 1999 1459 ,
2037 1392 2195 1450 Mar-

164 1468 426 1538 cellinu3,
469 1467 780 1543 Longinus=
802 1507 820 1534 ‚
859 1464 1102 1522 Paetinus
1135 1506 1153 1533 ,
1194 1463 1474 1540 Crispinus
1510 1507 1526 1534 ,
1565 1485 1596 1525 a
1628 1467 1785 1526 Rufo
1823 1468 2191 1538 ,flMarcellQ

166 1536 412 1619 Longo,
450 1544 611 1603 Paeto
632 1586 649 1611 ‚
690 1542 888 1618 Crispo
906 1564 925 1609 ς
968 1539 1106 1599 Fasti
1139 1538 1240 1616 ipfi
1273 1543 1581 1602 consulares
1611 1543 1671 1600 ὅ(
1700 1541 1897 1601 Poetae
1920 1545 2090 1602 etiam
2109 1545 2193 1603 sa-

163 1619 233 1681 tis
266 1621 530 1690 docent„
552 1618 835 1678 Corvinos
856 1659 874 1687 ,
913 1636 1029 1676 non
1060 1615 1318 1689 Corvos,
1359 1615 1538 1678 dictos
1572 1616 1681 1678 effe
1710 1619 1867 1690 illos,
1947 1621 2192 1679 uiaVa-

160 1693 303 1835 lserio
336 1698 531 1758 Corvo
565 1696 845 1771 originem
880 1693 1172 1754 duxerunt.
1250 1695 1454 1754 Horat.
1491 1693 1584 1753 od.
1623 1714 1706 1755 11.
1739 1695 1830 1754 lib.
1851 1714 1902 1773 3.
1970 1695 2190 1757 uvenal.

205 1787 275 1835 at.
315 1794 362 1834 1.
1592 1781 1595 1790 “
1872 1825 1877 1829 ,

234 1860 439 1910 Horum
469 1851 526 1909 in
556 1848 727 1927 caussis
758 1847 831 1905 ad
862 1863 911 1905 te
942 1847 1241 1929 deferendis]
1299 1848 1523 1926 proprie
1556 1849 1777 1908 Iocutus
1813 1848 1904 1907 est.
1981 1847 2195 1912 Defert

161 1929 320 1987 enim
355 1923 592 1986 cauffam
622 1928 869 2002 litigator
902 1923 971 1984 ad
986 1938 1324 2001 patronum:
1366 1927 1876 2003 recipitipatronus‚
1919 1926 2018 2001 qui
2035 1924 2188 1984 caus-

156 2003 280 2063 sam
312 2000 720 2063 defendendam
753 2001 984 2076 suscipit.
1060 2000 1289 2061 Deferri
1322 2004 1493 2062 etiam
1521 2002 1724 2061 dicitur
1752 2001 1824 2061 ad
1837 2013 2142 2077 praetorem
2162 2042 2185 2071 ,
2238 2011 2243 2016 “

152 2082 261 2160 qui
284 2080 630 2156 judicaturus
659 2079 768 2146 est,
807 2090 868 2135 ut
902 2096 989 2154 ep.
1026 2076 1113 2154 58.
1144 2078 1238 2136 lib.
1277 2096 1362 2156 13.
1394 2079 1529 2139 fam.

230 2157 513 2235 Receperint
545 2172 611 2217 Θ·
639 2154 1023 2235 confirmarint]
1064 2166 1128 2213 ut
1160 2155 1362 2233 recipere
1391 2157 1510 2233 plus
1542 2156 1618 2215 est
1656 2172 1829 2234 quam
1854 2156 2181 2232 promittere:

149 2244 327 2311 prout
360 2246 621 2310 apparet,
662 2234 749 2309 ep.
787 2232 837 2290 8.
864 2232 959 2297 elib.
1001 2252 1051 2307 ς.
1086 2233 1218 2291 fam.
1253 2234 1355 2309 ubi
1371 2235 1484 2304 est,
1523 2233 1616 2290 tibi
1636 2233 1885 2309 promitto
1899 2253 1960 2289 ac
1975 2233 2180 2366 rechqg'o:

148 2312 218 2370 &
251 2328 337 2386 ep.
371 2330 456 2370 10.
491 2308 806 2388 lib.·13;·s1c
825 2307 1105 2366 videbitur
1119 2310 1238 2386 plus
1271 2308 1568 2384 confirmare
1601 2326 1770 2386 quam
1803 2308 2018 2382 recipere.
2123 2327 2182 2367 a·

152 2405 295 2447 men
329 2388 456 2446 Cicf
484 2406 571 2463 ep.
609 2404 693 2445 12..
724 2386 817 2443 lib.
850 2384 986 2452 6‚&
1019 2384 1110 2440 28.
1140 2386 1231 2442 lib.
1272 2403 1362 2460 13,
1398 2386 1615 2455 diverso
1649 2385 1848 2442 ordine
1865 2385 2048 2458 posuit
2066 2403 2182 2441 con-

139 2464 401 2538 firmavit
433 2475 602 2540 atque
632 2461 821 2534 recepit.
1302 2512 1303 2519 ,
1659 2508 1670 2537 2
2118 2500 2121 2509 .

232 2542 364 2599 Scio:
404 2559 531 2597 nam
563 2536 799 2622 interfui]
843 2534 1059 2612 optima
1088 2534 1233 2593 ratio
1267 2534 1340 2597 ad
1368 2534 1684 2609 faciendam
1715 2535 1936 2613 fidem:
1991 2545 2054 2592 ut
2086 2534 2181 2596 illa

145 2633 240 2692 ep.
279 2616 362 2674 18.
389 2615 487 2675 lib.
526 2633 614 2682 10;
644 2619 745 2731 ssEx
775 2609 889 2689 'pst-⁹
920 2612 1190 2689 cognoscere
1207 2612 1416 2688 potuisti
1434 2655 1452 2684 ,
1490 2613 1579 2692 qui
1609 2611 1841 2689 omnibus
1856 2611 2000 2669 rebus
2014 2611 2179 2683 interf

164 2708 378 2751 uerunt.
2007 2704 2011 2713 ’

126 2696 180 2768 f
225 2772 406 2846 Qare
436 2767 525 2826 hoc
550 2765 956 2838 tibifizciendum
990 2762 1085 2843 est]
1130 2760 1531 2835 commonitio.
1564 2807 1569 2811 -
1779 2837 1784 2842 ι
2174 2808 2177 2813 ·

228 2846 384 2921 Quod
414 2844 624 2913 debent,
663 2844 831 2918 exigas
904 2842 1119 2922 exigaS,
1159 2845 1292 2920 quia
1325 2840 1546 2902 debent.
1586 2842 1770 2905 Infra:
1809 2844 2021 2912 debent,
2051 2845 2177 2921 quia

141 2932 215 2979 tu
242 2920 498 2995 defindssi
516 2964 533 2989 ,
571 2920 648 2977 illi
667 2934 835 2997 prom1
856 2933 1024 2977 erunt.
1070 2932 1157 2994 ep.
1196 2938 1243 2979 1.
1278 2919 1350 2978 ad
1382 2923 1505 2979 Att.
1544 2920 1627 2979 Illi
1653 2921 1732 2979 ita
1760 2922 1914 2997 vulgo
1948 2936 2133 2996 negant
2150 2960 2173 2990 ,

142 3013 216 3057 ut
245 2999 376 3057 mihi
395 2998 454 3075 fi’
485 2997 650 3056 debere
681 2997 876 3055 dicant.
1342 3064 1347 3067 Α
1902 3057 1910 3069 „

165 3072 170 3077 ⁵
230 3080 354 3150 Sapo
385 3073 736 3131 commonendo
755 3116 773 3143 ‚
813 3072 1069 3207 rogando}
1099 3070 1230 3132 vide
1262 3071 1538 3148 diligentis
1567 3075 1814 3134 hominis
1845 3072 2120 3133 officium.

230 3149 629 3230 Confirmando]
673 3152 731 3208 in
764 3168 835 3208 eo
854 3192 872 3219 ‚
912 3167 1029 3227 quo
1097 3151 1484 3225 promiserunt.

222 3222 510 3296 curando,
552 3242 613 3283 ut
643 3225 955 3306 intelligant]
994 3226 1120 3284 haec
1151 3226 1226 3284 est
1256 3228 1526 3287 sententia
1545 3269 1562 3298 ‚
1580 3244 1752 3306 quam
1770 3225 1927 3302 supra
1958 3224 2180 3287 iterum.

133 3303 391 3367 vidimus
411 3345 427 3370 ,
465 3306 529 3361 &
559 3305 743 3379 paullo
775 3302 898 3377 post
930 3303 1050 3379 post
1081 3302 1251 3362 etiam
1286 3304 1536 3364 habetur.

177 3452 184 3457 .
220 3377 503 3438 Habituros
532 3379 836 3452 restituenda
862 3379 1080 3458 gratia]
1110 3378 1282 3439 video
1316 3383 1375 3438 in
1406 3383 1687 3442 nonnullis
1704 3379 1966 3456 impressis
1982 3377 2128 3436 libris
2147 3418 2168 3448 ,

141 3476 253 3536 pro
288 3454 592 3528 restituendo
622 3455 865 3531 pofitum
897 3455 1152 3528 reserenda
1187 3476 1201 3515 :
1246 3452 1404 3533 quod
1436 3456 1477 3515 fi
1508 3478 1578 3518 ex
1611 3458 1850 3533 antiquis
1884 3453 2175 3513 codicibus.

141 3535 437 3610 sumptum
470 3531 546 3591 est
576 3575 594 3603 ,
633 3532 1049 3591 admittendum
1085 3533 1286 3591 censeo
1314 3555 1333 3603 3
1393 3533 1471 3592 fin
1506 3549 1660 3594 certo
1695 3535 1922 3610 alicujus
1947 3526 2168 3607 judicio

142 3609 438 3670 invectum
471 3651 489 3677 ,
527 3607 926 3669 restituendum
957 3610 1016 3666 in
1049 3608 1208 3666 suum
1241 3611 1430 3671 locum
1467 3611 1769 3688 restituenda
1802 3633 1821 3680 3
1877 3626 1993 3667 non
2029 3607 2176 3682 quin

144 3686 393 3746 usitatius
424 3685 559 3745 illud
588 3684 651 3743 fit
685 3728 704 3755 ,
755 3684 851 3763 sed
922 3686 1014 3744 uia
1042 3685 1296 3744 standum
1328 3686 1402 3745 est
1436 3690 1608 3764 magis
1637 3687 1915 3763 scriptoris
1945 3683 2165 3761 judicio

143 3762 319 3849 quam
351 3763 576 3831 nostro,
595 3762 700 3849 qui
712 3762 855 3821 forta
902 3776 968 3830 e,
1008 3761 1257 3820 variandi
1288 3754 1661 3835 cauffa,hanc
1676 3767 1922 3822 formam
1939 3758 2164 3837 dicendi

140 3841 477 3925 innovaviu
521 3857 654 3901 cum
684 3838 774 3899 issa
804 3839 926 3925 fatis
954 3851 1091 3899 nota
1122 3835 1296 3976 egent
1316 3883 1333 3910 ,
1371 3843 1549 3916 referre
1566 3882 1585 3917 ,
1623 3830 1819 3900 reddere
1835 3880 1855 3913 ‚
1894 3837 2164 3969 rqencllsre.

1255 3932 1289 3977 Ζ
1412 3948 1415 3951 ’
2083 3930 2168 3967 ΤΟ·
