2514 4438
407 238 506 288 IN
550 213 654 311 Q
696 212 898 286 Cic.
945 236 1070 285 nt:
1114 211 1443 285 Pan-r.
1489 212 1889 310 Connsun.
1994 192 2012 206 ⁸
2059 223 2202 318 ²73

193 335 395 394 'eadem
516 353 550 393 e
581 332 676 391 est.
749 332 869 392 Has
898 332 961 390 in
985 331 1205 391 ambitu
1234 332 1297 388 &
1327 332 1571 390 comitiis
1598 333 1904 407 plurimum
1936 333 2164 393 valuiss'e
2183 378 2203 404 ,

192 412 255 469 in
285 413 398 469 hoc
429 412 487 486 ip
511 429 550 468 o
580 408 864 483 apparebit
896 431 914 477 3
953 426 1085 466 cum
1111 420 1378 484 quattuor
1406 407 1717 467 sodalitates
1751 410 1963 468 civium
1995 410 2066 468 ad
2083 430 2207 472 am-

192 489 471 546 bitionem
503 483 1013 561 gratiofisfimorum
1049 484 1148 541 fibi
1178 482 1439 559 obligasse
1470 486 1812 545 Ciceronem
1842 486 2007 545 dicet.
2098 491 2209 546 At-

192 582 309 641 que
344 566 420 622 ob
451 563 545 631 id,
586 561 656 619 de
688 562 752 619 iis
784 560 1080 637 aliquando
1111 561 1202 618 lex
1233 561 1456 621 Licinia
1485 563 1595 620 hta
1630 559 1741 631 est,
1778 580 1910 640 quae
1941 563 2013 620 de
2028 559 2217 624 ambi?

190 654 257 698 tu
291 655 443 707 erat,
484 649 548 696 ut
577 639 636 695 in
667 649 803 695 orat.
837 655 942 711 pro
971 638 1078 695 Cn;
1109 637 1357 696 Plancio.

271 725 398 773 Aut
429 715 641 791 alicujus
670 713 1049 792 neceffitudim's]
1101 714 1321 790 quaevis
1350 711 1495 773 πᾶα
1524 714 1798 788 sanguinis
1831 754 1851 781 ,
1887 714 2153 775 amicitiae
2186 761 2207 788 ,

193 792 580 852 familiaritatis
611 789 970 862 conjunffiO,
1007 788 1350 848 neceffitudo
1384 790 1600 849 dicitur.
1640 790 1811 849 Unde
1844 789 1981 849 illud
2011 790 2207 860 fluxit;

196 890 300 946 quo
331 890 447 925 cum
481 868 607 925 mihi
637 886 806 922 omnes
836 865 1197 940 neceffitudines
1215 866 1369 941 sunt.
1400 887 1487 942 ep.
1526 885 1606 924 12.
1638 867 1730 923 lib.
1771 885 1856 943 13.
1890 868 2023 926 fam.
2056 870 2118 927 ὅ(
2149 871 2210 929 in

197 956 341 1004 orat.
372 945 484 1021 pro*
507 944 568 1001 P.
599 942 829 1001 Sextio:
871 951 955 999 M.
988 944 1200 1018 Craffus
1217 986 1235 1011 ,
1275 964 1489 1021 quocum
1524 941 1652 999 mihi
1664 958 1818 999 eram
1836 962 2003 1000 omnes
2031 945 2211 1002 amici-

199 1021 276 1077 tia
310 1019 682 1095 neceffitudines'.
758 1018 957 1095 Itaque
987 1019 1046 1077 in
1077 1031 1217 1078 orat.
1248 1037 1354 1094 pro
1388 1022 1467 1093 Q.
1498 1019 1729 1094 Ligario
1759 1064 1777 1089 ‚
1834 1019 1928 1077 ubi
1953 1021 2154 1094 legitur
2188 1064 2210 1091 ,

197 1096 296 1152 hac
325 1118 405 1172 ego
439 1098 566 1156 novi
597 1138 616 1165 ,
635 1109 844 1230 ἔγαμεν
873 1115 1158 1153 communes
1188 1094 1551 1169 neceffi'tudines
1584 1138 1603 1164 ,
1642 1117 1747 1174 que
1778 1094 1909 1152 mihi
1927 1095 2061 1172 sunt
2090 1114 2211 1156 cum

171 1180 259 1236 ,L.
297 1174 564 1230 Tuberone.
683 1190 747 1228 ro
778 1191 1066 1229 communes
1095 1207 1115 1241 ‚
1152 1171 1305 1231 refte
1334 1172 1639 1247 repofitum
1673 1172 1749 1230 est
1780 1193 1946 1231 onmes
1982 1193 1997 1231 ε
2038 1186 2102 1232 ut
2133 1175 2211 1234 est

201 1249 371 1307 etiam
403 1251 462 1307 in
492 1267 628 1307 meo
656 1247 750 1306 lib.
779 1248 878 1305 scri
919 1261 999 1305 t0.
1414 1309 1417 1312 Α

275 1327 368 1381 His
400 1330 579 1383 carum
613 1343 679 1387 ey
693 1267 986 1399 jucundpum
1014 1324 1127 1404 effi]
1167 1335 1320 1383 amat
1350 1324 1470 1383 Cic,
1500 1324 1627 1384 haec
1656 1324 1772 1383 duo
1805 1325 2041 1385 nomina
2072 1338 2212 1386 cont-

199 1400 531 1476 jungerem
562 1400 872 1478 perfectam
904 1401 1358 1461 benevolentiam
1406 1402 1827 1477 exprimendam
1865 1425 1884 1468 ς,
1940 1399 2004 1461 ut
2036 1420 2068 1461 e
2111 1448 2124 1461 .
2154 1422 2215 1478 9.

202 1477 526 1612 licli.fi1gimi,
565 1479 638 1558 ad
666 1476 876 1545 finem;
918 1478 978 1535 &
1013 1497 1101 1554 ep.
1132 1496 1186 1536 2.
1219 1479 1280 1538 ὅ(
1318 1498 1402 1538 10.
1432 1477 1527 1537 lib.
1558 1496 1613 1544 23
1651 1479 1710 1537 &
1744 1491 1832 1537 10.
1861 1477 1955 1537 liba
1988 1497 2040 1556 3.
2069 1421 2209 1538 fam.

203 1572 235 1612 a
382 1571 493 1614 em.
2070 1607 2073 1616 .

275 1634 514 1689 Maxime
535 1645 627 1709 pot
760 1632 818 1689 in
850 1630 1059 1708 scriptis
1085 1631 1320 1706 legimus
1341 1624 1535 1708 prodest
1555 1651 1569 1689 :
1589 1649 1696 1690 nec
1722 1630 1879 1691 aliter
1908 1630 2210 1707 legendum

205 1705 312 1774 est;
356 1721 417 1767 ut
443 1709 618 1783 supra.-
740 1705 919 1770 rodest
950 1726 1196 1784 quorum
1227 1708 1288 1765 in
1317 1708 1511 1772 locum
1542 1709 1834 1783 pervenire
1866 1707 2018 1767 velis.

277 1783 474 1841 Deinde
500 1801 566 1841 ut
595 1785 803 1872 quisque
835 1783 1054 1866 'optimus
1084 1803 1151 1847 ω·
1178 1784 1406 1860 maxime
1422 1782 1736 1861 domesticus]
1775 1785 1869 1843 hic
1887 1781 2215 1858 comple&-

205 1869 295 1916 tur
327 1862 571 1921 maxime
605 1860 937 1939 comnmstm
970 1878 1035 1920 ac
1068 1878 1238 1921 caros,
1278 1859 1388 1918 Sed
1417 1859 1554 1947 quid
1583 1859 1768 1937 optimo
1785 1877 1915 1920 cum
1929 1861 2214 1934 domestico?

207 1934 447 2014 Corrigo
483 1939 651 2013 igitur
683 1971 704 2008 ς
743 1939 803 1996 &
834 1941 939 2012 pro'
969 1937 1148 2013 optimo
1180 1940 1398 2012 repono
1429 1936 1647 1994 tntimus
1677 1941 1692 1993 ε’
1748 1953 1865 2012 quo
1910 1936 2085 1996 verbo
2118 1937 2217 1998 ista'

206 2012 423 2072 summa
455 2015 779 2092 conjunffio
797 2013 1130 2089 significatur
1148 2036 1167 2081 ς
1188 2015 1248 2072 &
1266 2014 1382 2070 fere
1411 2013 1641 2072 intimus
1675 2029 1807 2071 etun
1837 2014 2075 2073 nomine
2109 2013 2215 2073 do-·

207 2089 437 2149 mestico
470 2092 759 2167 copulatur
788 2111 806 2154 t
844 2109 934 2165 ep.
971 2103 1018 2150 Ι.
1051 2090 1142 2149 lib.
1180 2100 1233 2167 3:
1272 2090 1338 2161 est
1370 2109 1434 2145 ex
1464 2089 1589 2146 meis
1611 2088 1875 2164 domesticis
1906 2103 2061 2168 atque
2090 2090 2218 2147 inti-

208 2164 305 2222 mis
320 2167 687 2240 fhtniliaribus.
737 2169 832 2245 epi
865 2169 911 2226 i.
944 2166 1035 2227 lib.
1073 2186 1120 2226 1:
1154 2168 1222 2226 ab
1253 2165 1464 2225 intimis
1497 2183 1561 2226 ac
1593 2165 1905 2226 domesticis
1936 2166 2218 2244 Pompejiz

281 2241 408 2319 Pag.
441 2252 566 2305 220.
605 2246 833 2323 Qnsq'ue
854 2243 1193 2319 fideliffimum
1223 2243 1309 2318 effi:
1341 2257 1388 2299 te
1417 2244 1611 2320 cupiat]
1655 2240 1992 2318 fideliffimum
2021 2242 2219 2319 procul

211 2318 380 2378 dubio
413 2336 737 2397 corruptum
772 2321 862 2380 est.-
899 2320 1099 2398 Aliqui
1132 2319 1503 2378 emendarunt
1538 2319 1830 2395 fidelq'fflmpes
1843 2320 1927 2395 effi
1944 2340 1994 2375 re
2012 2320 2178 2396 cupiat
2194 2340 2216 2388 ς

210 2408 413 2472 nempe
444 2399 540 2457 iste
570 2399 937 2458 domesticus:
975 2398 1089 2454 hoc
1118 2415 1237 2454 non
1269 2397 1465 2470 placet.
1538 2394 1735 2471 Aliqui
1767 2397 1935 2452 etiam
1958 2436 1975 2460 ,
2013 2393 2220 2470 amplis-

199 2472 396 2547 simum
423 2475 509 2550 effe
541 2490 589 2533 te
621 2476 787 2550 cupiat
802 2496 821 2541 3
863 2475 976 2531 hoc
1007 2472 1240 2530 melius:
1283 2469 1389 2527 nifi·
1401 2469 1657 2529 malimus
1680 2512 1695 2537 ,
1733 2467 2117 2543 honesttffi'mum
2131 2469 2221 2546 effi

214 2564 261 2605 te
289 2550 454 2625 cupiat
470 2573 488 2618 3
530 2562 594 2609 ut
619 2550 752 2609 illud
783 2567 870 2625 ep.
910 2567 993 2623 15.
1025 2547 1115 2605 lib.
1148 2566 1199 2605 2.
1232 2547 1367 2604 fam.
1402 2545 1647 2622 Caefizrem
1677 2544 1938 2617 honestum
1967 2544 2053 2621 effi
2067 2548 2222 2622 capia.

289 2632 424 2684 Tum
458 2642 521 2683 ut
553 2627 784 2705 tribules]
840 2624 1104 2683 homines
1154 2641 1221 2680 ex
1259 2622 1454 2681 eadem
1489 2621 1633 2681 tribu
1666 2664 1683 2691 ,
1739 2639 1771 2680 a
1810 2619 2008 2698 quibus
2042 2609 2221 2681 amari

207 2701 478 2762 laudabile
511 2715 627 2762 erat
658 2725 677 2771 ;
719 2714 780 2761 ut
812 2701 1032 2760 summa
1063 2711 1176 2757 erat
1206 2700 1225 2756 i
1266 2698 1519 2757 nomini-:i
1551 2698 1611 2758 in
1685 2697 1921 2756 etitione'
1952 2737 1970 2766 ‚
2009 2698 2218 2765 tribum

208 2778 362 2837 suam
395 2798 516 2838 non
547 2781 709 2837 ferre.
744 2779 865 2837 Cic.
899 2778 956 2835 in
988 2776 1182 2835 Vatin.
1203 2716 1337 2851 fiius
1370 2818 1387 2844 ,
1430 2791 1476 2831 te
1507 2775 1606 2832 trib
1664 2776 1773 2832 ium
1805 2789 2013 2831 tuorum
2030 2773 2222 2851 judicio
2298 2838 2301 2845 λ

206 2870 486 2924 notatum3
529 2875 614 2911 nec
633 2856 743 2932 post
773 2864 994 2912 Romam
1028 2853 1284 2910 conditam
1304 2895 1320 2921 ‚
1330 2866 1507 2929 prater
1522 2867 1570 2908 te
1589 2894 1605 2920 ,
1624 2849 1858 2909 tribulem
1876 2869 2185 2929 quemquam
2198 2891 2227 2917 ,,

207 2931 405 2989 tribum
439 2932 656 3006 Sergiam
683 2931 953 3008 perdidt'ffi’.
1031 2931 1104 2989 Et
1138 2930 1321 3004 paullo
1350 2929 1501 3002 post:
1543 2929 1593 2985 Si
1629 2944 1675 2985 te
1707 2925 1866 2984 vicini
1885 2968 1901 2994 ,
1929 2923 1984 3002 fi
2009 2925 2183 3000 affines
2204 2966 2223 2994 ,

193 3007 254 3083 fi
283 3007 488 3066 tribules
520 3009 598 3066 ita
626 3009 841 3066 oderunt
857 3049 876 3087 ².
916 3023 978 3062 ut
1010 3005 1275 3082 repulsam
1292 3019 1443 3062 tuam
1463 3046 1480 3074 ,
1522 3003 1842 3082 triumphurn
1863 3002 2028 3081 suum
2059 3003 2222 3062 duxe-

205 3100 333 3143 rmt.

290 3168 423 3218 Tum·
455 3176 517 3219 ut
549 3158 741 3229 ⁵vicini,
780 3170 842 3217 ut
872 3158 1094 3236 clientes]
1138 3156 1178 3214 fi
1208 3155 1281 3214 fic
1314 3159 1525 3234 legatur
1546 3200 1563 3227 ,
1600 3157 1726 3216 haec
1797 3152 2002 3214 endent
2032 3172 2063 3214 a
2096 3170 2223 3212 ver-

205 3236 285 3296 bo
315 3238 482 3313 cupiat
515 3258 530 3296 ι
572 3237 664 3296 sed
697 3237 738 3294 si
772 3238 1119 3311 expungatur
1150 3233 1282 3292 illud
1315 3251 1433 3293 tum
1469 3276 1484 3303 ,
1543 3231 1698 3310 quod
1729 3251 1757 3290 a
1801 3231 1873 3291 est
1903 3249 1933 3290 a
1966 3229 2171 3306 scriptis
2202 3271 2224 3299 ‚

205 3314 648 3373 subaudiendum
681 3313 754 3371 est
768 3315 923 3392 sunt.
961 3314 1155 3387 Atque
1187 3310 1323 3368 illud
1354 3329 1416 3368 ut
1446 3311 1547 3369 erit
1579 3308 1853 3384 expolitio
1886 3308 2221 3383 intimorum

207 3408 277 3451 ac
306 3390 777 3450 domesticorum:
815 3399 985 3464 atque
1016 3389 1142 3446 haec
1171 3386 1390 3463 planior
1419 3385 1640 3446 videtur
1669 3385 1856 3444 lectio.

284 3469 537 3540 Postremo
561 3467 719 3525 etiam
737 3465 996 3545 servitus]
1039 3464 1111 3522 fic
1141 3464 1348 3523 habent
1380 3482 1579 3522 omnes
1608 3462 1921 3537 libri‚quos
1955 3456 2104 3517 vidi:
2125 3474 2226 3515 ve·

209 3558 331 3603 ram
364 3556 556 3604 tamen
588 3542 1000 3603 correffionem
1034 3553 1211 3618 put0,
1236 3540 1386 3617 servi
1418 3540 1512 3600 tui.
1591 3540 1742 3599 Nam
1754 3536 1988 3616 servitus
2003 3551 2105 3610 pro
2112 3533 2226 3611 sur·

212 3622 296 3680 vis
328 3621 497 3689 nimis
529 3619 751 3681 durum.

257 3699 570 3771 'Namsere
600 3699 763 3757 omnis
816 3698 978 3777 ermo]
1018 3714 1137 3757 non
1168 3696 1277 3754 fuit
1293 3692 1605 3755 omittenda
1621 3691 1747 3751 haec
1763 3689 1905 3750 ratio
1921 3711 1943 3775 ,³
1984 3686 2113 3765 quia
2132 3683 2237 3746 ab—·

209 3764 442 3837 smdum'
468 3772 649 3838 videri
678 3792 757 3852 po
803 3787 896 3850 et,
935 3785 999 3837 ut
1029 3775 1090 3853 in
1119 3772 1397 3852 petitione
1428 3815 1448 3843 ‚
1486 3788 1674 3833 carum
1711 3767 1763 3828 se
1795 3766 1959 3851 servis
1990 3760 2098 3827 csse
2129 3779 2227 3897 cu-

785 3858 796 3861 *
2065 3856 2179 3899 rare
2208 3880 2222 3897 .
