2514 4438
456 242 559 316 m
595 239 812 362 με.
843 235 1013 364 Er:
1055 239 1191 316 ’ω
1236 238 1348 317 M.
1394 228 1820 321 Βιιῡῑ-υῇῑ
2063 247 2219 356 367

648 432 1768 546 EXPLANATIO
2042 377 2045 380 ¹

358 605 2133 710 E1?181s01.AE1an”

284 804 534 896 Nullis
560 739 971 880 consulibus,
2090 799 2099 806 ’

166 982 311 1060 Pag.
351 993 476 1057 131.
517 971 667 1083 DE

633 1069 737 1116 tius
756 1100 775 1127 ,
814 1073 983 1133 quam
1016 1053 1220 1114 timere:
1262 1066 1325 1113 ut
1354 1053 1566 1131 aliquid
1595 1065 1786 1113 tamen
1816 1054 1870 1112 se
1886 1055 1956 1132 de
1976 1057 2209 1132 Lepido

174 1136 397 1211 sperare
444 1125 724 1206 fignificet.
849 1197 856 1200 ,
1430 1191 1435 1194 ,
1480 1169 1483 1174 -
1894 1155 1897 1156 ’
1941 1129 1955 1135 ’

259 1208 602 1286 solicitudine]
645 1208 715 1266 de
747 1209 962 1284 pueris:
1003 1224 1146 1292 quos
1163 1205 1362 1265 Brutus
1382 1208 1440 1265 &
1468 1208 1834 1266 immerentes
1852 1247 1873 1275 ,Ἴ
1898 1207 1973 1265 ·&
2001 1209 2202 1270 sororis

178 1287 299 1360 suae
331 1285 470 1352 filios
492 1327 509 1354 ,
548 1284 691 1343 affici
718 1303 887 1360 poena
905 1328 926 1352 ,
966 1286 1157 1360 imque
1190 1283 1417 1341 ferebat.

263 1357 606 1438 Stom'acho,]
647 1350 705 1419 in
741 1373 954 1437 patrem
990 1359 1076 1416 Le
1117 1359 1292 1418 idum.

257 1439 388 1513 Pag.
424 1451 550 1513 132.
585 1443 644 1492 A
678 1437 923 1513 consulari
957 1479 973 1506 ,
1015 1436 1106 1492 tai
1146 1437 1287 1514 viro]
1329 1437 1420 1494 vel
1446 1477 1470 1508 ,
1511 1439 1694 1513 inquit
1727 1479 1746 1505 ,
1786 1437 2200 1514 conjunc‘tionis

177 1514 420 1580 nostrae,
457 1514 550 1571 vel
581 1513 715 1588 reip.
749 1511 925 1572 caussa
957 1514 1253 1587 impetrare
1286 1512 1401 1570 hoc
1431 1525 1461 1570 a
1488 1524 1544 1570 te
1562 1514 1757 1571 debe0.
1793 1519 2027 1591 uter'que
2046 1515 2197 1574 enim

182 1590 272 1658 ita·
297 1590 368 1651 de
395 1589 484 1647 illa
516 1590 698 1647 meriti
729 1590 918 1649 sumus
948 1630 968 1659 ‚
991 1589 1002 1607 ⁸
1024 1599 1087 1647 ut
1117 1590 1228 1648 hoc
1260 1589 1610 1670 potiffimum
1641 1591 1876 1650 nomine
1912 1588 2201 1664 gratificari

182 1668 325 1728 alter
354 1665 507 1726 alteri
540 1661 754 1726 debeat.
1852 1689 1855 1694 ·
2102 1685 2105 1690 ·

637 1793 1754 1940 EXPLANATIO

368 2018 440 2091 E
534 2017 729 2105 P.>I
827 2019 877 2092 s
951 2015 1047 2108 ..T
1139 2011 1605 2111 OMIQAE·
1674 2011 2013 2111 δρων.

79 2207 90 2227 2
183 2193 314 2271 Pag.
354 2210 475 2272 132.
513 2192 776 2303 BReves]
812 2190 972 2251 valde
997 2189 1537 2275 brwitatem‚Brutus
1570 2189 1788 2261 amabat
1806 2189 1863 2247 in
1879 2175 2201 2273 scribendog
2244 2270 2247 2273 Ἴ

393 2286 402 2299 ·
445 2290 452 2295 ·
604 2272 890 2347 tumquia
918 2282 1110 2329 natura
1138 2268 1380 2327 severior
1402 2311 1418 2336 ,
1436 2264 1560 2326 tum
1598 2268 1729 2345 quia
1761 2266 2080 2325 Stoicorum
2097 2264 2201 2322 dis-

183 2347 404 2435 ciplinae
450 2347 505 2404 se
547 2349 765 2423 penitus
812 2346 1107 2405 addixerat.
1174 2356 1364 2421 extant
1395 2345 1614 2401 Graecae
1651 2349 1766 2418 ejus
1802 2342 2044 2427 epistol-ae
2078 2341 2201 2398 bre-

179 2423 437 2481 vlffimae.
471 2424 531 2481 &
559 2425 703 2482 hanc
733 2424 850 2501 ejus
884 2420 1345 2481 consuetudinem
1376 2419 1695 2489 Plutarchus
1722 2421 1748 2488 ',
1798 2420 2198 2494 Appmnusqtse

187 2512 658 2559 commemorant.
1247 2532 1267 2543 Α
1294 2534 1301 2541 -
1538 2538 1549 2559 -.
2082 2504 2085 2509 “

119 2577 130 2586 “
265 2576 497 2662 Pondus]
538 2587 667 2633 cum
701 2575 1021 2650 graviffimis
1055 2572 1125 2631 de
1156 2570 1556 2649 rebus‘scriptae
1589 2570 1692 2629 fint
1726 2589 1941 2629 omnes.
2014 2578 2019 2581 ’
2156 2626 2169 2631 „

263 2653 510 2731 Extrusn]
549 2668 666 2710 non
700 2651 834 2709 dicit
866 2694 883 2719 ,
937 2650 1203 2707 conviciis
1237 2643 1384 2706 maie
1417 2661 1672 2722 acceptos
1705 2646 2011 2723 tabellarios
2040 2692 2060 2716 ,
2101 2649 2203 2724 qui

189 2738 308 2786 tuas
333 2729 535 2788 litteras
568 2728 894 2795 attulerant,
934 2724 1149 2793 dimisi,
1188 2725 1316 2792 sed‘,
1362 2741 1598 2799 propere
1625 2723 1931 2782 tabellarios
1967 2741 2095 2782 cum
2112 2727 2201 2784 lit-

189 2805 318 2862 teris
348 2804 419 2866 ad
449 2805 789 2863 Ciceronem
824 2802 962 2861 mifi.
1026 2821 1034 2829 ·
1139 2838 1144 2843 „
1215 2832 1220 2837 »
1710 2834 1715 2839 ·

263 2888 388 2937 Mea
409 2880 626 2956 summa
658 2880 992 2957 contentione]
1032 2894 1129 2937 cur
1149 2919 1166 2946 ,
1191 2876 1410 2953 summa
1438 2877 1794 2936 contentione?
1830 2895 1948 2936 non
1978 2920 1998 2946 ,
2037 2878 2095 2935 in
2127 2878 2204 2939 al-

191 2964 376 3015 terurn
410 2975 618 3015 annum
638 2998 656 3024 ,
696 2957 866 3015 etiam
896 2956 1126 3014 nemine
1158 2954 1533 3012 contendente
1573 2997 1591 3023 ,
1628 2954 1861 3031 produci
1893 2972 1955 3012 ea
1986 2954 2205 3015 neceffe
2236 2976 2240 2983 ·

191 3045 342 3099 erat3
386 3050 549 3102 cum,
588 3043 650 3090 ut
681 3033 834 3108 supra
870 3033 988 3090 satis
1006 3031 1229 3110 copiose
1246 3029 1585 3109 ostendimus
1607 3074 1625 3101 ,
1670 3050 1732 3089 ea
1749 3031 1847 3108 qui
1862 3032 2063 3089 habere
2079 3032 2203 3107 pos-

189 3108 268 3165 set
301 3151 318 3175 ,
357 3110 692 3183 magistratus
722 3109 900 3167 nullus
932 3104 1063 3166 effet
1099 3110 1124 3166 ἓ
1162 3110 1311 3166 forte
1343 3109 1475 3181 (tale
1512 3108 1664 3165 enim
1700 3108 1908 3184 aliquid
1941 3110 2015 3166 est
2040 3110 2203 3183 cogi-

193 3183 422 3243 tandum
480 3183 747 3244 habuiffet
780 3203 843 3243 ea
875 3198 1082 3261 praetor
1116 3205 1130 3249 ;
1177 3188 1357 3253 forte,
1397 3185 1651 3257 pontifex
1689 3186 1996 3254 maximus,
2036 3203 2202 3261 paerte

192 3259 324 3318 dixi.
353 3262 418 3318 se·
462 3304 480 3329 ,
518 3263 631 3320 hoc
662 3261 781 3318 fieri
811 3278 930 3319 non
960 3259 1232 3335 potuisse,
1273 3262 1331 3317 in
1363 3272 1615 3317 mentem
1647 3262 1837 3318 venit:
1878 3278 2007 3318 cum
2045 3304 2062 3331 ,
2102 3262 2202 3341 qui

191 3336 447 3415 pontifex
481 3338 754 3396 maximus
790 3349 939 3406 erat,
977 3338 1062 3394 M.
1099 3336 1380 3410 Lepidus,
1422 3336 1464 3392 is
1497 3338 1554 3392 in
1585 3337 1718 3394 urbe
1751 3356 1870 3395 non
1904 3337 2051 3396 esset.
2158 3372 2169 3393 2.

167 3430 184 3437 ‘
267 3420 333 3468 In
363 3414 584 3470 alterum
615 3414 845 3491 annum]
884 3424 948 3470 ut
979 3413 1181 3470 Cicero
1213 3409 1561 3469 filiusiadeffe
1593 3411 1784 3486 poffet.

229 3491 634 3620 flQamquam]
674 3506 1015 3565 quamquam
1036 3507 1102 3546 ex
1129 3489 1320 3546 litteris
1340 3489 1476 3545 meis
1493 3490 1825 3562 cognoscere
1841 3491 2061 3564 potuit,
2079 3505 2195 3548 non
2254 3514 2265 3531 f

195 3582 226 3621 e
271 3582 300 3621 e
322 3606 338 3633 ,
378 3583 474 3622 cur
507 3566 935 3641 petitionis‘suae
969 3562 1142 3622 caussa
1175 3564 1378 3621 rediret
1398 3604 1415 3631 ,
1456 3581 1585 3622 cum
1620 3566 1677 3621 in
1707 3565 1940 3623 alterum
1984 3583 2196 3624 annum

198 3641 426 3698 comitia
462 3642 563 3701 sint
596 3641 815 3716 rejecta.
850 3641 1085 3715 epistola·
1103 3658 1157 3714 9.
1666 3664 1669 3667 ·

268 3718 486 3774 Domitii
522 3760 538 3785 ,
580 3719 793 3773 Catonis
825 3734 842 3787 ,¹
885 3716 1086 3772 Lentuli
1117 3758 1133 3781 ,
1174 3715 1469 3772 Bibulorum
1490 3717 1551 3794 z]
1608 3716 1707 3790 qui
1751 3727 1904 3774 erant
1935 3719 1995 3776 in
2027 3719 2204 3779 castris

154 3809 160 3815 ·
192 3789 381 3862 Bruti,
423 3796 483 3853 ὃ(
513 3795 573 3853 in
605 3793 903 3869 collegium
935 3790 1267 3867 pontificum
1273 3792 1591 3927 &morum
1609 3793 1862 3867 cooptari
1875 3794 2200 3872 cupiebant,

175 3904 184 3911 ·
1386 3886 1416 3945 3
1602 3885 1604 3888 ’
2103 3888 2205 3949 Μ’.

702 989 783 1038 Μ.
819 965 993 1055 ῑέρὶάο
1025 978 1213 1057 verm]
1262 975 1345 1036 de'
1373 976 1627 1036 industria
1663 1019 1680 1046 ,
1737 979 1903 1035 vereri
1933 969 2072 1038 dixit
2099 999 2206 1057 po-
