2514 4438
310 244 665 325 mus.
715 244 824 321 n.
875 242 1027 320 Ep.
1081 271 1205 322 An
1256 234 1574 346 Qum·
1614 246 1767 327 Ep.
1817 231 2019 331 xii.
2132 268 2232 359 71w
2345 322 2348 327 .

181 375 307 426 eat.
337 362 520 441 pridie
553 370 744 420 autem
773 360 895 422 idus
922 362 1163 436 Januarii
1194 364 1433 423 nefastus
1463 377 1611 425 erat:
1650 384 1770 445 quo
1808 368 2024 429 dierum
2044 387 2217 446 gene-

140 496 145 501 .
175 460 261 502 re
285 443 508 501 senatus
539 438 858 508 habebatur.
893 438 991 497 scri
1032 437 1096 495 fit
1128 450 1318 498 autem
1351 442 1495 499 hanc
1528 443 1811 518 epistolam
1830 444 2005 505 idibus
2024 466 2213 519 mane,

175 519 504 598 posteaque
538 513 699 593 quod
732 513 908 573 idibus
1034 515 1220 575 astum
1240 558 1259 585 ,
1277 517 1480 595 scripsit
1494 519 1751 605 postridie
1768 520 1887 585 idus
1907 542 1921 578 :
1941 524 2000 582 δε
2021 567 2039 593 ,
2056 526 2213 602 quod

176 593 460 673 postridie
494 590 617 651 idus
637 633 654 661 ‚
695 591 1103 666 Lupercalibus.
1135 604 1289 668 patet
1324 612 1393 651 ex
1427 595 1649 670 epistola
1678 596 1731 653 se
1773 598 1944 654 uenti.

274 670 483 759 Popula]
520 668 706 727 stantis
739 678 870 726 ante
902 669 1049 727 fores
1082 670 1252 726 curiae
1284 670 1343 728 in
1375 670 1702 729 Graecostafi
1734 615 1795 729 ἓ(

176 765 309 826 que
338 763 400 806 in
430 744 657 822 epistola
694 762 742 802 1-.
768 744 929 820 hujus
959 744 1120 813 libri,
1160 746 1298 820 ejus,
1339 746 1523 823 inquit
1557 789 1575 815 ‚
1613 761 1755 824 opere
1787 762 1977 824 repente
2008 771 2041 805 a
2076 758 2213 810 Gra-

182 821 375 900 costas?
403 839 471 884 o·
495 821 738 897 gradibus
767 821 1033 877 clamorem
1055 821 1191 896 satis
1222 841 1471 896 magnum
1491 822 1825 898 sustulerunt.

272 898 549 977 Convicio]
589 915 658 956 an
690 896 882 971 Appio
913 896 1124 955 consuli
1154 899 1392 972 populus
1429 901 1752 958 convicium
1787 900 2040 959 diceret?
2080 905 2215 964 nihil

183 988 271 1036 ne
301 984 585 1035 metueret
615 975 735 1032 illos
768 974 934 1032 fasces
952 1016 969 1042 ,
1013 989 1156 1050 quos
1185 973 1243 1030 in
1277 976 1529 1034 manibus
1557 975 1820 1036 hetorum
1839 1020 1856 1044 ‚
1896 989 2023 1035 ante
2043 982 2209 1039 curiae

186 1055 344 1113 fores
384 1051 598 1117 consuli
626 1050 1059 1126 praestolantium
1078 1091 1094 1116 ,
1133 1049 1351 1106 videret
1379 1051 1406 1109 ἓ
1444 1051 1579 1138 quid
1609 1052 1775 1126 igitur
1805 1053 1880 1111 est
1896 1095 1915 1122 ,
1954 1055 2214 1114 convicio?

193 1130 444 1188 clamore
482 1129 544 1186 δε
575 1127 798 1203 querela
833 1127 1018 1201 paullo
1049 1125 1325 1184 liberiore.
1359 1125 1430 1184 fic
1458 1147 1518 1185 m
1547 1128 1802 1204 proxima
1838 1172 1856 1198 ,
1893 1148 2024 1206 quae
2054 1132 2213 1191 ante-

194 1204 344 1264 cedit
361 1246 381 1274 ,
420 1204 682 1281 epistola:
723 1203 993 1279 Eptstolam
1025 1199 1159 1258 hanc
1192 1201 1410 1259 convicio
1438 1205 1780 1281 efflagitarunt
1811 1205 2016 1262 codicilli
2040 1209 2134 1265 tui.
2191 1274 2200 1281 ἢ

272 1282 638 1361 Commageno]
680 1279 972 1337 Antiocho
992 1306 1027 1346 ‚·
1051 1278 1467 1352 Commagenes
1496 1297 1658 1356 rege:
1700 1282 2022 1357 cujusregni
2041 1295 2209 1360 caput

189 1357 480 1419 Samosata
507 1358 617 1416 fuit
633 1400 649 1425 ‚
688 1357 748 1414 in
782 1353 911 1413 Afia
930 1397 947 1422 ‚
987 1355 1121 1413 citra
1138 1360 1400 1413 montem
1416 1356 1691 1419 Taurum.
1723 1355 1796 1415 de
1811 1357 1924 1416 hoc
1939 1367 2066 1433 rege
2084 1378 2204 1419 me-

190 1435 367 1494 minit
399 1453 484 1510 ep.
521 1452 569 1492 r.
604 1451 656 1510 3.
691 1433 751 1490 &
782 1449 834 1503 4.
865 1431 956 1488 lib.
998 1448 1079 1506 ις.
1113 1431 1245 1489 fam.
2165 1472 2172 1477 -
2299 1442 2308 1449 “

271 1513 427 1592 Rem]
468 1510 700 1585 petierat
731 1550 750 1578 ,
789 1507 994 1582 opinor
1028 1549 1045 1575 ,
1084 1518 1147 1564 ut
1176 1508 1230 1565 ei
1263 1508 1417 1582 regni
1448 1506 1700 1584 poffeffio
1731 1510 2200 1573 senatusconsulto

190 1587 634 1649 confirmaretur.
664 1583 724 1642 id
763 1596 836 1642 ue·
882 1583 1141 1642 videntur
1179 1582 1421 1643 indicare
1452 1601 1582 1663 quae
1613 1586 1873 1662 proitime
1903 1587 2205 1667 sequuntur

187 1665 361 1724 verba
380 1708 398 1734 ,
438 1662 508 1722 de
537 1660 711 1739 oppid
768 1678 808 1719 o
836 1671 1076 1719 extorto.
1833 1730 1836 1735 μ

270 1740 640 1818 Distuffaeam]
680 1738 987 1814 abjeceram
1022 1753 1038 1793 ε
1084 1735 1159 1795 ita
1194 1747 1388 1795 contra
1422 1755 1553 1796 eum
1587 1738 1803 1800 locutus
1846 1759 1998 1802 eram
2033 1743 2090 1802 in
2121 1744 2203 1802 se-

192 1828 331 1878 natu
364 1858 383 1886 ,
420 1828 487 1875 ut
517 1828 638 1875 tota
667 1831 752 1873 res
780 1813 851 1872 ad
881 1813 1115 1883 nihilum
1147 1813 1432 1871 recideret.
1466 1813 1772 1874 discusserat
1802 1828 1990 1875 autem
2023 1859 2042 1887 ,
2081 1836 2208 1881 non‘

192 1893 381 1971 pridie
413 1892 574 1961 idus,
612 1890 708 1950 sed
735 1900 880 1949 ante.
915 1907 1046 1947 nam
1080 1888 1255 1963 pridie
1287 1889 1407 1947 idus
1437 1889 1570 1948 nihil
1601 1892 1788 1950 astum
1822 1894 1892 1952 in.
1911 1893 2099 1952 senatu
2114 1896 2201 1951 vi-

121 2000 127 2005 ·
190 1970 372 2108 glentur.
421 1969 663 2041 coaetus,
688 1967 842 2026 enim
880 1966 954 2024 est
986 1964 1174 2024 consul
1203 1967 1398 2041 populi
1432 1968 1698 2026 convicio
1730 1968 1979 2028 senatum
2015 1970 2207 2029 statim·

316 2047 496 2105 ittere.

266 2122 572 2202 manditur]
613 2131 806 2180 metu:
846 2138 919 2179 ne
947 2119 1143 2179 itidem
1181 2121 1376 2193 exteris
1407 2120 1595 2196 legatis
1614 2164 1631 2191 ‚
1669 2124 2011 2198 autregibus
2044 2166 2062 2193 ,
2100 2122 2198 2181 ali-

189 2199 327 2335 ἓιιὶὶὶ
355 2217 390 2260 a
419 2200 612 2260 senatu
639 2198 952 2274 petentibus
984 2239 1001 2265 ‚
1040 2196 1308 2256 obsistam.
1340 2197 1496 2274 quod
1525 2198 1655 2259 ideo
1685 2201 1900 2277 Appius
1931 2202 2082 2260 nolle
2112 2201 2198 2258 vi-

230 2278 423 2336 ebatur
456 2317 473 2344 ,
511 2276 641 2353 quia
676 2317 693 2344 ‚
733 2292 863 2334 cum
898 2273 1102 2351 aliquid
1133 2290 1332 2332 eorum
1370 2274 1545 2335 cauffa
1579 2277 1790 2336 senatus
1822 2276 2143 2336 decreviflet
2174 2320 2194 2347 ,

189 2370 425 2412 munera
454 2351 723 2412 mercedis
751 2353 881 2410 loco
900 2362 1011 2432 ,aut
1043 2351 1211 2409 etiam
1242 2349 1462 2425 pactam
1491 2353 1810 2411 mercedem
1831 2355 2039 2412 consuli
2058 2395 2075 2422 ‚
2095 2355 2196 2429 qui

190 2428 264 2488 ad
294 2430 546 2490 senatum
576 2426 868 2497 retuliffet,
908 2427 1035 2486 dare
1066 2424 1426 2485 consueffent.
1464 2427 1522 2485 id
1552 2427 1856 2504 fignificant
1886 2430 1973 2487 illa
1993 2428 2156 2486 verba
2175 2473 2195 2501 ,

188 2505 683 2583 quae-sequuntur:
728 2504 870 2561 Videt
885 2544 904 2573 ,
941 2505 1030 2562 hoc
1053 2522 1226 2578 genere
1253 2501 1445 2557 dicendi
1466 2500 1522 2578 fi
1546 2519 1670 2560 utar
1684 2503 1740 2560 in
1754 2504 1918 2560 ceteris
1935 2546 1954 2573 ,
1975 2504 2196 2561 Februa·

188 2583 331 2640 rium
350 2582 568 2656 sterium
580 2583 853 2654 ficturum.

265 2669 375 2715 Hoc
396 2678 566 2733 genere
593 2656 812 2734 dicendi]
850 2671 968 2732 quo
1000 2651 1159 2711 facile
1191 2651 1456 2730 consequi
1485 2650 1703 2729 poffum
1739 2695 1757 2724 ‚
1794 2665 1862 2726 ut
1893 2672 1957 2713 ea
1990 2697 2009 2725 ‚
2062 2673 2197 2732 quae

191 2745 460 2812 petuntur
478 2777 496 2803 ,
529 2734 743 2792 senatus
776 2731 1011 2790 minime
1043 2729 1329 2789 concedat.

193 2885 246 2945 'd
267 2811 630 2945 Fessugriurti]
668 2808 910 2885 reliquos
938 2804 1215 2865 Februarii
1243 2806 1377 2867 dies.
1391 2824 1524 2867 nam
1543 2804 1765 2882 epistola
1777 2805 1970 2883 scripta
1986 2807 2061 2866 est
2073 2807 2194 2884 post

188 2904 211 2946 1
247 2904 310 2947 us
391 2905 423 2945 e
463 2904 643 2944 ruam.
694 2923 695 2926 κ

264 2969 340 3019 Et
374 2963 673 3040 Zeugmate]
713 2960 964 3030 affirmn,
1001 2975 1067 3022 (ν’
1099 2968 1372 3036 Zeugmate
1388 3002 1405 3028 ‚
1445 2958 1882 3025 Ciceronis-non
1914 2957 2054 3019 effct
2097 2962 2159 3019 &
2174 3006 2192 3030 ‚

190 3049 252 3097 ut
284 3038 426 3097 olim
459 3040 517 3097 in
543 3040 668 3115 jure
702 3038 979 3106 solebant,
1019 3035 1091 3095 fic
1121 3054 1227 3112 ego
1257 3035 1608 3113 sponfionem
1643 3036 1884 3093 facerem
1904 3078 1920 3101 ‚
1961 3038 2019 3093 ni
2051 3037 2193 3110 glos·

189 3114 341 3175 sema
374 3114 455 3174 fit.
488 3113 759 3191 oppidum
792 3116 945 3172 enim
975 3113 1033 3170 in
1064 3113 1489 3189 Commageno,
1524 3109 1765 3186 posu-um
1798 3112 1856 3168 in
1870 3110 2151 3187 Euphrate
2172 3156 2190 3183 ,

187 3191 406 3250 nullum
436 3192 542 3250 fuit
559 3234 576 3259 ‚
614 3202 814 3265 praeter
840 3191 1123 3264 Zeugma:
1163 3190 1234 3248 de
1265 3207 1383 3265 quo
1414 3188 1619 3256 Plinius
1647 3185 1788 3244 libro
1818 3190 2072 3248 naturalis
2104 3190 2190 3254 hi-

168 3267 369 3336 'storiae
398 3285 453 3324 v.
487 3267 594 3326 fic:
637 3266 882 3342 Latitudo
909 3286 945 3322 a
976 3265 1185 3322 Seleucia
1217 3266 1384 3322 Pieria
1404 3306 1419 3333 ,
1436 3263 1506 3322 ad
1533 3262 1803 3338 oppidum
1834 3266 1892 3323 in
1910 3265 2190 3340 Euphrate

185 3343 441 3422 Zeugma
458 3385 476 3412 ‚
512 3360 712 3402 cmxxv.
742 3362 802 3401 u.
831 3360 879 3399 P.
914 3343 975 3399 &
1003 3340 1210 3399 ibidem
1246 3342 1386 3400 infra
1406 3348 1432 3397 :'
1462 3340 1653 3418 Oppida
1683 3339 1954 3398 alluuntur
1971 3340 2188 3419 Epipha-

185 3420 274 3476 nia
305 3437 374 3481 (92
406 3419 687 3478 Antiochia
720 3460 738 3487 ‚
791 3439 894 3496 qua
924 3418 996 3474 ad
1041 3424 1356 3493 Euphratem
1404 3431 1657 3473 vocantur
1689 3436 1702 3472 :
1756 3416 1877 3484 item
1912 3427 2133 3476 Zeuma
2168 3460 2187 3489 ,

188 3511 324 3554 um
339 3514 386 3553 1.
423 3516 482 3553 u.
514 3514 563 3574 p.
594 3515 631 3552 a
664 3494 936 3570 Samosatis
952 3536 970 3562 ‚
1010 3493 1234 3569 transitu
1267 3490 1546 3569 Euphratis
1577 3491 1749 3549 nobile.
1780 3495 1838 3550 in
1853 3495 1991 3551 libro
2009 3473 2189 3553 Beffa—

182 3571 353 3630 rionis
385 3572 462 3630 est
477 3613 494 3639 ‚
531 3574 589 3628 in
618 3570 876 3647 Euphrate
908 3587 975 3630 ο·
1004 3580 1294 3644 Zeugmate.
1351 3577 1354 3580 ’

260 3645 456 3723 cesare
484 3646 703 3722 consule]
749 3658 845 3707 aut
870 3688 888 3714 ,
965 3646 1054 3704 uia
1085 3644 1646 3703 consulatum-Caesar
1675 3644 1816 3701 solus
1847 3642 2000 3717 geffit
2033 3689 2051 3717 ,
2093 3647 2185 3705 Bi·

188 3719 319 3781 bulo
353 3724 564 3798 collega
597 3724 756 3783 domi
787 3722 897 3782 incl
957 3739 1029 3780 o:
1070 3732 1164 3779 aut
1195 3763 1213 3790 ‚
1251 3722 1382 3798 quia
1417 3720 1597 3779 Caesar
1625 3717 1691 3777 ad
1721 3719 1969 3778 senatum
2003 3721 2188 3782 retulit

189 3797 258 3859 de
283 3801 508 3863 honore
537 3811 690 3878 togae
717 3810 1006 3878 praetextae
1038 3798 1435 3932 ComFmageno
1465 3797 1581 3872 regi
1610 3796 1998 3870 impertienda
2039 3879 2119 3952 λ
2156 3877 2193 3932 d

1271 3891 1302 3951 3
2039 3899 2073 3926 ο
2095 3896 2155 3931 uo

1826 672 2091 745 gradibus.
2112 679 2213 737 ita·
2329 700 2332 708 ·
