2514 4438
424 260 521 322 ur
568 235 677 336 Q
715 234 915 322 Cre..
954 257 1086 318 DE
1136 235 1457 314 Pam-r.
1507 237 1912 321 Consta}
2064 231 2220 322 ³2¹&

201 360 305 420 ὀἱα
331 362 571 437 cujtesque
602 357 738 431 adest
770 356 939 433 Scipio.
991 357 1078 417 Et
1098 354 1286 423 Caesar
1300 398 1320 426 ‚
1356 354 1449 414 lib.
1484 377 1533 418 1.
1565 357 1691 416 bell.
1712 360 1856 419 Gell.
1899 358 2073 419 Utieos
2088 364 2228 435 testes

194 436 300 516 sua
329 435 537 516 quisque
567 432 786 492 virtutis
811 432 1030 491 haberet.
1068 431 1143 490 Et
1171 431 1265 491 lib.
1302 451 1350 492 1.
1383 431 1507 496 bell.
1539 433 1687 492 civil.
1728 435 1828 494 Sub
1844 437 1994 494 oculis
2007 435 2226 496 Domini

187 512 354 590 suam
376 513 591 591 probare
603 573 607 578 ,
621 510 875 574 virtutem
892 507 1184 582 studebant.

281 598 350 648 Ut
384 589 558 646 videre
590 602 638 645 te
660 587 813 664 plane
846 601 1003 663 atque
1031 585 1471 665 animadvertere]
1510 599 1635 646 tum
1666 599 1729 646 ut
1755 589 1925 649 sciant
1958 632 1975 658 ‚
2012 589 2067 649 se
2099 610 2217 652 non

201 662 507 752 praestitisse
540 681 772 741 operam
804 661 1024 730 homini
1052 662 1226 719 inscio
1247 705 1265 731 ‚
1304 674 1427 721 tum
1460 676 1520 722 ut
1537 683 1653 723 non
1670 665 1909 724 audeant
1926 667 2118 728 fucum
2138 672 2221 727 fa-

201 759 366 800 cere:
409 743 485 802 ita
517 741 702 817 paullo
736 739 890 814 post;
932 754 993 799 ut
1024 736 1115 814 ipsi
1143 738 1431 813 intellegant
1464 782 1482 810 ,
1523 757 1571 806 te
1604 743 1771 798 videre
1804 742 1931 821 quid
1959 763 1993 802 a
2027 765 2222 823 quoque

197 821 433 894 expedies.
473 817 654 884 Item;
699 816 768 873 Iis
787 814 1069 890 significato
1087 856 1103 881 ,
1145 830 1194 878 te
1220 815 1649 882 animadvertere.

284 901 335 951 T
326 894 513 951 ertium
542 893 671 951 illud
691 893 848 968 genus
875 892 944 963 est
968 891 1256 964 studiorum
1289 891 1678 971 voluntarium]
1721 911 1920 953 eorum
1955 894 2053 970 qui
2082 894 2222 955 nihil

203 981 538 1046 acceperunt
575 1012 593 1038 ,
648 969 786 1028 nihil
817 967 1114 1042 expectant
1146 1008 1164 1035 ‚
1217 966 1312 1026 sed
1342 967 1454 1026 sola
1488 970 1776 1029 voluntate
1806 971 2029 1029 adducti
2056 972 2220 1031 nobis

201 1046 436 1118 student.
511 1048 595 1106 Hi
629 1058 895 1124 quattuor
927 1043 1230 1108 rationibus
1276 1043 1644 1108 confirmandi
1689 1046 1813 1105 sunt
1846 1070 1863 1114 ;
1919 1047 2220 1121 gratiarum

201 1122 427 1192 actione
446 1167 464 1193 ,
502 1123 827 1200 sermonum
861 1120 1381 1190 communicatione
1401 1162 1417 1189 ,
1435 1122 1575 1198 paris
1605 1123 1781 1181 animi
1796 1123 2220 1199 significatione,

199 1197 294 1274 spe
326 1199 727 1270 familiaritatis.
1205 1260 1209 1265 ,

279 1275 507 1352 Agendis
529 1278 737 1353 gratiis]
780 1275 850 1334 de
883 1292 993 1342 en,
1031 1273 1190 1351 quod
1220 1272 1313 1333 sua
1347 1276 1544 1350 sponte
1579 1288 1710 1334 ante
1729 1276 1957 1350 egerint.

279 1353 740 1420 Accommodandis
757 1348 1102 1437 sermonibus]
1150 1361 1215 1407 ut
1241 1349 1313 1409 de
1346 1352 1411 1409 iis
1443 1352 1602 1410 rebus
1631 1353 1931 1429 loqu-amur
1967 1395 1984 1421 ,
2022 1354 2222 1431 quibus

203 1429 437 1506 quisque
467 1430 593 1506 capi
623 1428 919 1488 videbitur.
958 1428 1206 1493 Ennius,
1246 1427 1496 1486 amicum
1526 1429 1683 1486 illum
1717 1428 2022 1493 describens
2042 1471 2059 1497 ,
2094 1449 2221 1491 onit-

201 1505 364 1573 nium
392 1508 658 1566 horarum
688 1505 988 1565 hominem
1024 1545 1042 1571 ‚
1079 1503 1229 1579 apud
1259 1504 1392 1561 Aul.
1422 1504 1547 1583 Gel.
1576 1504 1667 1562 lib.
1708 1522 1796 1574 12,
1831 1523 1949 1581 cap.
1988 1525 2074 1579 14,
2107 1508 2219 1578 ait,

206 1583 432 1658 Secunda
461 1584 666 1663 loquens
695 1582 753 1640 in
786 1594 1002 1658 tempore
1023 1622 1041 1649 ‚
1077 1580 1368 1642 commodus
1399 1583 1509 1639 &a

280 1657 537 1736 studiosus
563 1660 654 1747 ,yffi
680 1657 964 1737 videbitur]
1006 1657 1106 1733 qui
1133 1656 1344 1715 studeat
1359 1657 1519 1716 nobis
1539 1700 1556 1726 ,
1594 1657 1903 1734 praestantia
1918 1660 2097 1737 aliqua
2118 1657 2221 1724 du-

203 1734 358 1804 ἂῑιε,
398 1755 529 1824 quae
560 1756 619 1795 1n
649 1736 847 1804 nobis,
888 1745 1021 1810 puta
1054 1733 1428 1810 eloquentiae,
1468 1734 1843 1811 antiquitatis,
1882 1749 1978 1794 aut
1992 1737 2222 1813 alicujus
2253 1797 2259 1802 ,
2338 1773 2343 1776 ·

202 1813 288 1871 rei
315 1812 538 1882 fimihs;
582 1812 652 1872 de
684 1831 752 1872 ea
775 1811 1012 1872 libenter
1047 1827 1180 1870 cum
1213 1828 1287 1869 eo
1317 1826 1544 1884 agamus
1578 1851 1596 1880 ,
1632 1809 1813 1869 studio
1845 1813 1961 1888 ejus
1995 1831 2222 1874 morem

243 1906 478 1948 eramus.
1706 1901 1714 1910 ²
1750 1911 1754 1917 ’

203 1903 243 1974 'g
284 1964 620 2041 significanda
651 1955 765 2043 eiga
796 1966 904 2022 illos
965 1963 1047 2023 ari
1077 1963 1376 2044 voluntate]
1416 1963 1492 2023 fic
1521 1964 1674 2023 enim
1703 1965 2064 2025 confirmatur
2080 1967 2224 2029 ami,-

208 2041 373 2111 citia‚
413 2042 760 2120 efficiturque
789 2059 908 2119 quo
980 2041 1055 2101 est
1085 2041 1145 2100 in
1179 2038 1427 2099 amicitia
1460 2052 1725 2100 mutuum
1761 2086 1778 2111 ‚
1819 2059 1948 2101 cum
1983 2061 2079 2118 par
2113 2062 2221 2101 vo-

203 2118 385 2178 luntas
417 2120 685 2197 accipitur
713 2121 773 2177 &
802 2117 1082 2184 redditur;
1121 2127 1185 2174 ut
1218 2116 1295 2173 est
1329 2118 1592 2194 ep.3‚.lib.
1613 2119 1809 2192 5.fam.
1849 2122 2221 2197 Quamquam·

202 2193 299 2267 hic
330 2213 450 2255 non
482 2210 598 2257 tam
631 2196 825 2267 reddi,
864 2212 1033 2272 quam
1066 2191 1356 2269 significari
1386 2206 1650 2271 oportere
1681 2197 1793 2266 ait,
1832 2195 1990 2274 quod
2008 2197 2120 2259 hoc
2152 2199 2233 2263 ads

203 2273 439 2347 praesens
471 2284 691 2350 tempus
725 2273 846 2332 satis
882 2270 989 2330 effe
1022 2271 1297 2343 videatur.
2216 2284 2220 2299 ·

284 2349 607 2421 Λάιὶιιεᾳπᾴα
637 2350 866 2417 amicitia
898 2348 955 2415 in
974 2348 1143 2425 spem]
1183 2349 1364 2421 potest
1393 2344 1501 2404 effe
1535 2346 1680 2406 inter
1709 2349 1923 2424 aliquos
1939 2351 2220 2420 amicitia;
2250 2352 2263 2381 ³

203 2441 321 2496 non
349 2437 541 2486 autem
578 2427 950 2485 familiaritas:
985 2423 1289 2497 jucundior
1322 2434 1512 2479 tamen
1546 2421 1607 2486 fit
1637 2424 2008 2483 familiaritate
2027 2429 2224 2486 amici-2-

200 2502 297 2564 tia,
338 2503 459 2561 Cic.
489 2489 602 2579 pre?
624 2518 754 2575 rege
783 2498 982 2574 Dejot.
1020 2500 1256 2571 Quacum
1289 2495 1417 2554 mihi
1448 2497 1730 2555 amicitiam
1760 2501 1878 2576 resp
1896 2502 2180 2559 conciliavit
2203 2547 2222 2573 ,

201 2576 304 2653 hos
316 2580 470 2638 itiam
502 2580 751 2637 voluntas
779 2571 1040 2649 utriusque
1057 2591 1147 2629 con
1156 2573 1325 2631 ‘unxit
1343 2615 1360 2640 ‚
1382 2572 1810 2643 familiaritatem
1828 2577 2121 2652 consuetudo
2136 2596 2226 2636 at,

206 2669 231 2713 t
287 2658 347 2712 it.
387 2656 505 2716 Hic
536 2675 655 2715 non
689 2650 1038 2723 diflimulabo
1073 2667 1104 2707 e
1149 2668 1181 2707 e
1215 2650 1275 2707 in
1305 2648 1510 2724 scriptis
1541 2650 1598 2715 in
1614 2650 1820 2726 speciem
1857 2670 1872 2710 ι
1912 2654 2067 2729 quod
2100 2673 2218 2717 non

247 2743 348 2788 uto
379 2726 489 2794 effe
523 2732 766 2793 omnino
798 2725 1184 2804 rejiciendum.
1261 2726 1415 2787 Nam
1445 2726 1503 2785 in
1535 2727 1641 2785 hac
1672 2739 1792 2786 tota
1809 2729 2060 2798 ratione,
2100 2746 2226 2793 non·

203 2748 324 2866 fam
358 2827 442 2868 res
473 2811 584 2887 ipsa
615 2810 648 2867 s
677 2806 890 2866 ec'tatur
923 2846 940 2872 ‚
979 2820 1151 2880 quam
1181 2802 1214 2859 s
1242 2803 1387 2861 ecies
1419 2804 1479 2862 &
1508 2803 1907 2869 demonstratio
1938 2807 2222 2886 quaedam.

202 2883 347 2955 ldeo
378 2899 506 2948 ante
524 2930 543 2957 ‚
579 2828 874 2960 afspeciem
905 2880 1126 2964 homines
1153 2878 1171 2936 i
1211 2880 1381 2951 ustres.

262 2966 471 3040 ·Atque
504 2965 561 3021 in
585 2962 663 3034 his
693 2958 927 3027 omnibus
946 2955 1231 3035 genertbus]
1274 2956 1557 3016 conclusio
1589 2975 1720 3018 cum
1736 2971 2022 3036 praecepto
2043 3004 2059 3031 ‚
2077 2979 2231 3038 quo-‚e

207 3037 390 3108 modo
423 3057 554 3099 cum
589 3051 707 3098 tam
738 3035 901 3093 variis
931 3033 1247 3092 amicorum
1280 3034 1571 3107 generibus
1601 3037 1878 3110 agendum
1915 3037 1994 3103 fit.

285 3114 537 3185 Judicato
567 3133 634 3179 ω’
654 3110 964 3191 perpendito]
1003 3107 1147 3168 ordo
1179 3108 1402 3167 videtur
1434 3113 1688 3185 exigere,
1730 3125 1793 3170 ut
1822 3114 1970 3188 prius
1988 3132 2224 3189 perpen-

207 3191 442 3261 damm,
482 3191 685 3252 deinde
703 3190 1052 3267 judicemus:
1090 3185 1186 3246 sed
1218 3184 1445 3244 defendi
1477 3187 1550 3245 fic
1580 3188 1790 3262 potest,
1830 3200 1893 3248 ut
1900 3190 2222 3264 judicemus

208 3264 348 3344 quid
374 3269 605 3345 quisque
635 3267 797 3343 poffit
815 3306 833 3332 ,
872 3276 997 3322 tum
1027 3261 1435 3339 perpendamus
1470 3264 1530 3324 &
1561 3263 2004 3334 confideremu3‚
2085 3285 2224 3327 uan-

207 3354 334 3406 tum
366 3344 501 3418 illud
530 3344 594 3403 fit
629 3386 646 3419 ,
701 3342 1016 3401 multumne
1058 3356 1129 3396 an
1160 3356 1358 3414 parum
1391 3341 1649 3414 petitioni
1684 3342 1883 3405 nostrae
1928 3284 2222 3401 eontcilucat.

208 3419 335 3479 Nifi
366 3422 511 3480 forte
544 3419 792 3479 dicamus
825 3459 843 3486 ,
899 3434 964 3475 ea
997 3413 1106 3474 effe
1137 3426 1441 3492 tamquam*
1464 3417 1778 3492 synonyma
1814 3440 1831 3485 3
1884 3432 1946 3477 ut
1976 3422 2032 3477 in
2067 3437 2115 3494 3.
2151 3420 2224 3478 de

208 3509 351 3632 orat.
390 3517 493 3555 non
522 3513 635 3557 arte
649 3497 831 3574 aliqua
844 3491 1238 3569 perpenditur3
1279 3491 1373 3550 led
1389 3493 1639 3569 quodam
1653 3493 1804 3570 quafi
1820 3497 2050 3555 naturali
2067 3495 2240 3571 sensu·

219 3577 278 3634 'u
320 3577 511 3634 icatur.
1007 3608 1020 3621 ‚
1886 3592 1901 3609 *

209 3594 235 3654 J
275 3650 739 3728 Quemadmodum
769 3648 943 3726 cuique
972 3644 1248 3781 igsbrvias]
1287 3663 1475 3721 neque
1506 3649 1659 3707 enim
1693 3649 1951 3708 omnibus
1981 3652 2099 3725 pari
2116 3650 2225 3709 stu-

212 3728 312 3788 dio
345 3725 754 3788 inserviendum
791 3725 900 3784 est:
939 3722 993 3780 se
1060 3721 1217 3799 quod
1239 3722 1402 3797 jubet
1437 3727 1556 3783 Cic.
1590 3726 1646 3781 in
1679 3726 1863 3799 primo
1895 3727 2041 3784 offic,
2073 3742 2133 3783 ut
2167 3730 2225 3784 in

197 3806 512 3886 suscapienda
543 3802 737 3873 afflone
765 3798 1267 3942 animadvertatur?
1307 3819 1510 3875 quanta
1526 3800 1614 3861 illa
1634 3821 1706 3859 res
1711 3800 1789 3878 fit
1807 3844 1825 3871 ,
1863 3822 2022 3884 qaam
2037 3803 2227 3876 afficere

1291 3895 1329 3954 4
2139 3898 2230 3945 vg.
