2514 4438
279 279 426 360 κο
533 248 835 343 Pium.
888 250 1288 341 Manum.
1331 251 2145 355 Con-Mnnfflnnrvs

320 415 324 420 ·
354 389 497 450 eum
534 383 764 445 Publi&
799 378 1080 440 -iocunnn
1116 383 1231 456 qua
1264 369 1338 435 de
1370 394 1467 447 re,
1508 377 1787 435 incer-nim
1822 375 1916 435 est.

357 464 597 526 Interiora
625 461 770 539 episto
894 459 1022 516 loca
1054 456 1178 514 sunt
1210 454 1271 513 in
1302 454 1421 513 anti
1463 469 1675 512 uorum
1703 453 1914 529 scriptis
1949 483 1977 524 ,·
2022 470 2161 530 quae
2187 462 2362 519 Curti

277 543 519 620 {egimus
538 584 558 611 ,
597 534 753 615 quasi
782 555 821 613 p
840 533 946 604 ana*
972 532 1325 610 praeterimus
1355 550 1372 588 ε
1413 472 1620 589 deinde
1655 572 1673 598 ,
1711 528 1852 608 quid
1879 547 1949 590 ea
1977 528 2077 589 fibi
2112 534 2317 594 velint
2338 577 2368 604 ‚

279 619 382 680 ‘ubi
410 620 535 697 quis
563 616 874 689 interroget
903 654 924 682 ‚
960 612 1240 694 haeremus
1260 639 1292 693 3,
1310 608 1530 693 ‚incerti
1559 605 1699 684 quid
1728 605 2166 684 respondeamus
2201 631 2221 678 3
2266 623 2371 670 τε

287 711 412 757 tum
447 694 578 754 deni
619 711 693 753 ue
721 691 964 750 nostram
995 685 1112 744 five
1143 683 1589 752 mscitiam,1ive
1617 684 2019 760 negligentiam
2039 728 2058 756 ,
2077 703 2203 746 non
2221 686 2374 748 fine

281 773 480 851 ”aliquo
512 790 592 850 pu
631 786 766 838 ore,
806 763 1172 842 agnoscimus.
1205 761 1321 818 hoc
1341 803 1358 830 ‚
1398 760 1631 818 interiore
1660 760 1896 838 epistola,
1915 761 2110 839 ecquis
2143 764 2369 841 estqui

288 852 411 912 satis
449 843 714 911 'accurate
804 839 1069 919 erpendat
1102 839 1131 897 ἓ
1181 848 1379 896 natura
1410 837 1567 897 enim
1602 854 1669 895 ac
1701 838 1920 897 ratione
1950 855 2194 919 quoqne
2230 841 2247 852 “

283 938 683 1004 comparatum
716 863 828 989 eff,
865 928 931 976 ut
957 935 1026 975 ea
1045 959 1064 986 ‚
1101 925 1235 993 quae
1266 912 1535 972 narranda
1550 925 1981 991 proponuntur,-
2000 914 2194 991 pauno
2228 919 2369 977 mi..—

285 1017 396 1064 'nus
428 1002 719 1088 diligenter
738 1037 756 1067 ‚
795 1012 970 1074 quam
1003 991 1236 1061 eadem,
1283 1008 1414 1049 cum
1445 1002 1733 1051 narrantur
1750 990 2164 1061 fattendamuS.
2195 1004 2370 1071 quo·

285 1082 447 1141 niam
481 1081 646 1153 ig1tur
675 1071 771 1134 hic
803 1069 1138 1148 proponitur
1172 1109 1190 1136 ,
1225 1083 1350 1126 non
1379 1078 1628 1127 narratur
1658 1086 1745 1127 res
1774 1089 1795 1136 ;
1839 1070 2117 1143 (narratur
2143 1083 2365 1134 autem

293 1159 355 1218 in
388 1175 461 1217 eo
497 1199 516 1226 ‚
553 1174 634 1214 me
666 1161 897 1232 Pompego
926 1149 1151 1224 legatum
1180 1145 1269 1277 iri?
1302 1142 1436 1203 ideo
1470 1144 1535 1202 fit
1563 1185 1587 1216 ,
1622 1156 1686 1203 ut
1716 1155 1908 1224 neque
1936 1147 2136 1206 oculus
2167 1147 2232 1207 in
2264 1148 2365 1207 le-

287 1231 520 1311 gendO,
558 1246 749 1308 neque
776 1226 998 1286 animus
1031 1223 1090 1282 in
1119 1239 1229 1280 con
1253 1220 1524 1280 iderando
1542 1265 1560 1291 ‚
1594 1237 1704 1297 pro
1739 1238 1814 1282 eo
1834 1259 1857 1293 ‚
1891 1234 2173 1299 quantum
2192 1241 2234 1283 o
2273 1243 2358 1287 us

295 1311 402 1383 fit,
440 1308 657 1372 infistat.
685 1304 881 1366 oculus
949 1298 1269 1374 raetervolzt
1285 1320 1304 1367 ;
1384 1297 1498 1357 uasl
1529 1316 1650 1368 τες,
1686 1316 1820 1377 quae
1850 1298 2091 1359 studiose
2121 1300 2216 1377 spe

289 1401 423 1457 tur,
464 1399 660 1465 parurn
696 1383 860 1459 digna
894 1322 991 1438 ίξῖε
1031 1378 1291 1463 animum
1322 1392 1354 1433 a
1422 1394 1526 1444 ea,
1564 1393 1695 1454 quae
1726 1389 2157 1452 proponuntur,
2198 1394 2347 1455 cog-

296 1463 580 1525 noscenda
615 1460 882 1537 cupiditas
916 1455 1086 1514 ducit.
1120 1464 1194 1512 ita
1212 1493 1235 1520 ‚
1311 1467 1405 1509 uae
1434 1451 1551 1510 duo
1578 1451 1748 1511 verba
1765 1494 1784 1521 ‚
1824 1453 1976 1529 (haec
2004 1452 2141 1512 dico
2161 1497 2177 1522 ,
2211 1455 2354 1512 inte-

295 1533 428 1599 rssore'
456 1537 673 1627 epistbla)
712 1537 804 1594 vel
834 1533 1125 1607 diligenter
1154 1545 1265 1587 con
1287 1526 1496 1587 iderata
1516 1573 1533 1599 ,
1551 1528 1793 1588 mininie
1821 1540 2017 1588 tamen
2048 1548 2082 1590 a
2111 1531 2306 1590 multis
2329 1574 2355 1601 ‚

293 1619 364 1676 u't
399 1623 604 1692 opinor
639 1657 657 1683 ,
696 1611 1076 1685 intelliguntur
1107 1647 1125 1676 ,
1168 1623 1233 1663 ea
1266 1623 1340 1663 ne
1372 1605 1789 1665 considerantur
1819 1604 2076 1684 quidem.
2111 1606 2186 1665 de
2217 1609 2357 1685 qui-

291 1695 543 1768 bust-go
575 1690 650 1748 fic
681 1686 936 1748 existimo
971 1704 986 1742 ε
1025 1681 1315 1741 inmiorem
1344 1683 1595 1758 epistolam
1620 1681 1815 1742 vocari
1849 1718 1871 1753 ‚
1909 1699 2031 1742 non
2063 1699 2193 1743 eam
2226 1687 2356 1762 epi-

295 1771 470 1907 {301²ss
490 1781 707 1846 partem
742 1809 760 1836 ‚
800 1781 938 1843 quae*
963 1780 996 1819 a
1021 1759 1309 1837 ,principio
1339 1761 1401 1816 &
1433 1778 1466 1818 a
1499 1759 1613 1819 fine
1643 1759 1764 1838 pari
1793 1757 1955 1819 distet
1990 1760 2295 1821 intervallo
2324 1803 2351 1830 ,

323 1846 401 1906 ed
448 1864 575 1905 eam
611 1888 629 1915 ,
663 1860 800 1931 quae
844 1840 915 1901 ab
961 1852 1221 1898 extremo
1252 1836 1483 1913 propius
1513 1836 1649 1896 abfit
1680 1849 1855 1913 quam
1887 1851 1920 1895 a
1951 1837 2255 1913 principia
2286 1837 2387 1900 id’

305 1924 452 1984 adeo
490 1941 559 1981 co
600 1927 855 1981 nolcetur
873 1961 889 1987 ‚
931 1916 972 1974 fi
1003 1960 1019 1985 ‚
1059 1912 1218 1993 quod
1251 1912 1400 1989 apud
1434 1914 1696 1992 antiquos
1730 1914 1977 1996 epistolae
2012 1913 2354 1975 claudendae

305 1994 492 2076 genus’
521 1941 688 2066 effer,
727 1993 1098 2054 ostendemus
1131 2009 1256 2049 non
1286 1989 1440 2048 enim
1472 2001 1608 2049 tunc
1641 2008 1771 2060 ,··eo
1806 2033 1824 2060 ,
1866 2007 1984 2067 quo
2016 2007 2172 2049 nunc
2205 1992 2353 2051 sole·

307 2095 434 2135 mus
454 2119 472 2144 ,
511 2074 730 2143 mod0,
770 2069 1246 2145 complicabantur
1265 2109 1297 2135 ,.
1321 2065 1416 2124 sed
1447 2068 1507 2126 in
1541 2067 1739 2126 orbem
1774 2066 2214 2127 involvebantur
2230 2068 2356 2145 epi·-

301 2154 462 2216 stolae
482 2194 500 2219 ,
541 2151 614 2208 ita
636 2193 654 2218 ‚
695 2160 758 2205 ut
791 2188 810 2217 ,
849 2163 981 2223 quae
1015 2144 1212 2201 ultima
1245 2143 1441 2218 scripta
1474 2145 1532 2203 in
1563 2144 1765 2221 pagina
1796 2162 1921 2221 pars
1951 2155 2069 2203 erat
2102 2189 2120 2215 ,
2160 2144 2356 2205 invol-

301 2238 533 2288 veretur
565 2227 781 2305 prima;
823 2241 954 2301 quae
965 2221 1164 2355 cgrimal
1182 2262 1201 2290 ,
1242 2219 1457 2279 ultima.
1489 2223 1683 2300 itaque
1711 2224 1938 2299 proprie
1972 2223 2221 2280 volumen
2234 2240 2355 2283 una

299 2302 537 2382 epistola
585 2304 646 2364 ὃς
690 2314 807 2362 erat
857 2302 920 2358 δε
1008 2298 1264 2356 bebatur.
1301 2296 1472 2374 idque
1505 2299 1795 2358 Ciceronis
1822 2299 2152 2358 testimonio
2178 2317 2367 2359 com«

299 2378 573 2459 'probatur
606 2401 625 2449 ;
667 2379 767 2457 qui
797 2375 868 2436 ad
898 2375 1152 2452 Appium
1187 2373 1391 2449 scripfit
1421 2374 1506 2433 his
1524 2375 1717 2435 verbis
1751 2394 1768 2433 e
1827 2377 2070 2435 volumen
2102 2394 2138 2433 a
2173 2391 2226 2432 te
2243 2376 2355 2453 plo-

306 2480 441 2518 num
471 2460 670 2540 querela
702 2454 1009 2534 iniquiffimae
1039 2452 1384 2510 reddiderunt.
1420 2452 1479 2509 &
1511 2452 1716 2513 infert:
1758 2452 1955 2511 Eadem
1987 2453 2184 2528 epistola
2210 2466 2352 2531 pete-

305 2535 422 2599 bas.
455 2555 680 2601 morem
717 2532 963 2592 eundem
994 2529 1167 2589 video
1195 2528 1376 2588 teneri
1406 2529 1475 2587 ab
1504 2529 1569 2588 iis
1589 2573 1608 2598 ,
1646 2530 1745 2607 qui
1763 2529 2027 2605 scriptum
2057 2528 2355 2604 pretiosae

297 2614 504 2682 ciunt:
545 2631 691 2692 quos
718 2610 891 2685 vulgo
923 2608 1144 2664 notarios
1168 2607 1469 2665 nominant
1486 2648 1504 2673 ‚
1522 2605 1716 2682 scribas
1733 2607 1952 2681 antiqui
1984 2605 2354 2681 appellabant.

357 2689 474 2749 uod
519 2691 680 2749 enim
725 2685 981 2746 hoedinis
1025 2684 1349 2740 vitulinisve
1389 2682 1712 2757 scripserunt
1742 2683 1801 2741 in
1831 2682 2063 2759 pellibus
2096 2722 2113 2751 ,
2165 2681 2230 2740 id
2277 2682 2355 2740 itt

309 2770 326 2781 “’
350 2768 655 2826 <intrahunt
675 2808 691 2833 ,
733 2765 793 2822 &
825 2760 1150 2838 quibusdam
1181 2758 1333 2835 quafi
1366 2758 1517 2834 spiris
1543 2759 1722 2835 ipsum
1755 2760 1814 2817 in
1846 2759 1955 2818 sese
1970 2768 2356 2827 convertunt,

309 2852 380 2900 'ut
401 2842 772 2901 'involucrum
808 2839 1082 2902 efficiant5
1123 2853 1271 2893 neve
1304 2834 1394 2894 sua
1425 2835 1620 2909 sponte
1657 2836 1872 2893 laxetur
1898 2877 1916 2904 ,
1960 2833 2355 2893 circumdufizo
2400 2898 2407 2911 ,

305 2917 568 2994 ejusdem
601 2916 755 2992 pellis
791 2913 945 2991 quasi
973 2911 1203 2970 vinculo
1234 2911 1553 2986 astringunt.
1588 2911 1785 2971 eadem
1822 2924 1937 2970 erat
1971 2912 2110 2970 olim
2162 2912 2360 2971 forma

313 2994 647 3054 litterarum.
677 2993 792 3050 hoc
823 2989 1094 3064 amplius:
1135 3006 1208 3045 ne
1224 3007 1265 3045 a·
1292 2989 1577 3047 tabellariis
1611 2988 1811 3064 aperiri
1845 2984 2098 3064 poffent,
2118 2987 2359 3063 impres:-

311 3069 380 3141 -fo
427 3070 527 3128 suo
574 3068 808 3146 quisque
853 3065 1011 3141 figno
1053 3066 1303 3123 cavebat.
1355 3065 1485 3123 inde
1519 3065 1813 3123 litterarum
1832 3064 2107 3141 fizsciculus
2134 3080 2361 3123 nomen

316 3146 578 3222 sumpsit:
601 3143 756 3223 quod
779 3156 875 3213 ‚ut
910 3141 1229 3219 conjunstae
1263 3139 1684 3218 constriflaeque
1716 3142 1890 3215 virgae
1911 3139 2361 3218 fastisest,item

318 3223 521 3283 litter-ae
550 3243 582 3280 a
611 3222 902 3283 tabellariis
931 3222 990 3279 in
1020 3228 1201 3277 imum
1223 3261 1239 3287 ,
1279 3215 1435 3294 quafi
1468 3218 1640 3293 virgae
1674 3218 1734 3276 in
1766 3219 1979 3295 falcem
2013 3260 2029 3286 ‚
2071 3216 2358 3291 conjeflae

311 3299 713 3377 colligataeque
732 3343 748 3367 ,
767 3297 1018 3375 quodam
1055 3294 1233 3353 modo
1269 3294 1420 3352 fascis
1454 3295 1640 3370 exigui
1675 3297 1919 3354 formam
1949 3293 2359 3370 praeseferrent.

361 3376 545 3452 roprie
577 3376 744 3452 igitur
777 3375 1022 3432 volumen
1055 3373 1126 3431 de
1157 3390 1218 3429 re
1246 3373 1307 3429 i'n
1338 3371 1536 3428 orbem
1569 3370 1802 3429 collecsia
1823 3413 1841 3440 ‚
1889 3381 1952 3429 ut
1982 3369 2054 3439 de
2087 3368 2365 3446 epistola,

319 3395 396 3512 ge
428 3453 625 3513 fascia:
666 3453 971 3528 improprie
1003 3450 1073 3509 de
1106 3466 1167 3506 re
1197 3466 1314 3506 non
1348 3447 1651 3506 orbiculata
1684 3489 1704 3517 ,
1747 3459 1810 3505 ut
1842 3445 1913 3506 de
1943 3446 2102 3506 libro,
2132 3445 2361 3505 tametsi

292 3531 466 3601 “olim
484 3574 501 3600 ,
539 3530 688 3607 apud
722 3529 921 3607 priscos
954 3528 1080 3586 illos·
1100 3568 1117 3593 ,
1156 3524 1227 3582 de
1261 3525 1408 3583 libris
1441 3541 1676 3602 quoque
1710 3524 1951 3600 proprie.
1984 3523 2362 3582 scribebantur

325 3610 566 3673 enim'in
600 3607 738 3663 tibris
771 3648 788 3675 ,
827 3604 978 3664 unde
1009 3618 1225 3660 nomen
1256 3600 1604 3675 sumpserunt
1639 3643 1658 3671 ‚
1716 3602 1829 3659 hoc
1862 3600 1937 3658 est
1974 3600 2033 3659 in
2066 3597 2359 3658 codicibus

325 3684 622 3742 arborum:
665 3683 818 3759 iique
855 3723 874 3751 ,
909 3697 1027 3757 quo
1060 3677 1230 3737 effent
1274 3677 1575 3736 ferentibus
1606 3676 2029 3736 commodiores
2057 3721 2076 3746 ,
2116 3675 2359 3734 convol-

321 3754 610 3818 vebantur.
687 3758 868 3834 Quod
900 3769 1091 3815 autem
1126 3757 1330 3814 Cicero
1362 3754 1538 3823 dixit,
1575 3755 1739 3811 altera
1759 3755 1882 3830 jam
1900 3752 2093 3841 pagella
2118 3752 2357 3830 procedit.

321 3852 386 3897 m
416 3836 641 3914 epistola
673 3835 744 3921 ad
770 3836 848 3896 D.
861 3832 1099 3895 Brutum
1116 3873 1135 3907 ‚
1154 3836 1290 3900 fam·
1318 3833 1355 3895 1.
1381 3851 1475 3909 xx,
1498 3849 1621 3908 non
1650 3830 1721 3896 de
1750 3831 1867 3911 ipsa
1896 3830 2162 3911 epistola,
2179 3844 2354 3911 quam

2233 3921 2349 3984 90⁶.
