2514 4438
297 238 435 315 162
528 223 2087 310 PAuL.MA—Nu·r.Couuzwr-nnius
2196 257 2197 260 ¹

288 358 447 417 mine
479 352 612 429 resp.
645 349 947 409 versaretur
961 389 981 417 ,
1020 344 1323 407 octaviani
1352 345 1550 422 opibus
1579 347 1701 424 post
1728 347 1971 407 Antonii
1984 348 2181 424 sugam
2195 345 2333 408 ina-2

291 431 582 492 moderate
615 426 791 486 auffis
807 467 825 496 ‚
865 427 1114 483 senatum
1146 423 1205 481 in
1237 431 1392 481 tanta
1421 440 1482 482 re
1518 424 1846 484 austeritate
1875 422 2037 483 fuiffe
2068 436 2331 485 conten—

290 509 416 567 tum
432 515 457 564 ἐ
493 502 651 582 quod
669 546 687 571 ‚
725 506 788 560 u‘t
816 498 1155 560 ostendimus
1186 498 1242 557 in
1277 498 1416 556 libro
1447 499 1507 556 de
1527 500 1717 578 senatu
1733 544 1752 573 ,
1791 500 2149 566 voluntatem
2180 502 2327 580 qui·

292 585 426 643 dem
464 582 674 640 senatus
707 577 981 638 indicabat
1000 619 1018 648 ,
1057 574 1332 636 infirmior
1360 587 1551 637 tamen
1569 589 1686 637 erat
1702 621 1721 649 ,
1758 595 1931 658 quam
1948 578 2329 639 senatuscon-

292 661 514 722 sultum.
731 657 750 668 '⁶

299 755 306 762 ⁴
372 735 747 811 frangebatur]
789 733 925 790 Non
957 730 1337 791 Oetavianum
1370 729 1615 807 designat
1647 731 1696 801 ‚‘
1719 731 1818 809 qui
1864 732 1933 792 ab
1980 732 2150 792 initio
2180 729 2328 791 beni

295 814 519 889 optime
551 813 748 871 sentire
777 808 846 867 de
879 826 991 885 rep.
1021 807 1164 866 visus
1197 806 1308 867 est:
1348 824 1455 867 nec
1484 810 1543 867 in
1574 825 1705 867 eum
1727 851 1744 878 ‚
1768 808 2150 886 frangebatur,
2190 809 2324 867 ullo

293 888 478 948 modo
505 888 806 948 convenit:
849 884 942 943 sed
971 884 1209 944 Antonii
1229 882 1507 943 'studiosos
1539 885 1783 943 maxime
1813 886 2087 962 intelligit.

289 985 312 990 ’·
366 966 496 1042 Pag.
534 965 651 1024 126.
695 962 948 1040 Socerum]
987 960 1088 1019 nifi
1123 978 1214 1018 me
1243 960 1563 1036 conjestura
1598 960 1731 1020 fallit
1751 1004 1769 1031 ,
1803 962 1993 1022 Pansae
2022 962 2324 1021 socerfuit

293 1045 374 1117 Q.
404 1040 592 1106 Fufius
626 1040 878 1099 Calenus,
908 1036 1287 1115 conjeecuram
1319 1036 1450 1095 inde
1484 1037 1666 1106 duco»,
1705 1037 1860 1123 quod
1890 1056 2023 1098 eum
2060 1037 2241 1097 video
2275 1057 2317 1099 a

290 1117 463 1177 Pansa
491 1116 713 1176 consule
743 1115 1069 1174 sententiam
1099 1112 1345 1189 primum
1379 1114 1595 1188 rogari;
1638 1131 1736 1191 qm
1749 1126 1940 1174 tamen
1954 1133 2146 1193 neque
2166 1114 2318 1174 dum

297 1194 486 1253 consul
517 1195 694 1253 fuerat
714 1236 730 1261 ,
767 1208 952 1269 neque
981 1185 1245 1264 Ciceroni
1280 1202 1429 1248 certe
1464 1190 1619 1250 rebus
1651 1190 1808 1265 gestis
1842 1234 1859 1261 ,
1900 1192 1960 1250 &
1994 1191 2214 1256 meritis
2248 1192 2316 1249 in

193 1317 200 1320 v
289 1277 470 1347 temp.
501 1270 874 1330 antecellebat.
904 1281 967 1326 ut
995 1268 1108 1326 hoc
1138 1266 1194 1326 ei
1225 1265 1443 1325 deferre
1470 1267 1698 1325 honoris
1718 1310 1736 1337 ,
1770 1268 1872 1326 nifi
1885 1269 2319 1345 propinquitate

291 1361 622 1407 moveretur
640 1390 657 1416 ,
694 1346 862 1406 Pansa
892 1360 1010 1404 non
1041 1343 1308 1404 debuerit.
1382 1344 1724 1401 Recitemus'
1737 1344 2026 1404 Ciceronis
2041 1344 2214 1403 verba
2236 1359 2309 1401 ex

291 1425 552 1483 oratione
580 1442 630 1481 x.
663 1424 720 1483 in
754 1420 1087 1482 Antonium.
1127 1419 1466 1495 Neceffitatem
1484 1462 1501 1489 ‚
1528 1420 1754 1498 inquit,
1792 1421 1920 1479 mihi
1934 1421 2120 1477 attulit
2126 1420 2310 1498 paullo

281 1501 440 1577 plura
466 1499 690 1568 dicendi,
718 1497 973 1576 sententia
1004 1500 1106 1573 ejus
1123 1540 1141 1567 ,
1180 1498 1271 1576 qui
1298 1496 1579 1571 rogatusest
1605 1513 1727 1553 ante
1742 1517 1832 1554 me.
1854 1499 1915 1555 ὃ(
1929 1498 2097 1560 infert
2114 1497 2314 1572 proxi-

295 1594 427 1635 me:
467 1580 592 1651 Qae
622 1579 688 1648 est
715 1578 851 1634 enim
884 1575 978 1646 ista
1007 1589 1101 1631 tua
1136 1572 1538 1631 oratio-Calene?
1579 1592 1682 1654 φα
1699 1573 1880 1631 mens?
1919 1575 2010 1653 qui
2026 1575 2310 1657 nunquan)

281 1653 393 1731 post
415 1654 534 1709 Kal.
553 1653 850 1722 Januarias
865 1651 994 1707 idem
1017 1650 1222 1783 [ενζζενὶς
1237 1692 1255 1718 ,
1296 1649 1430 1727 quod
1442 1651 1484 1707 is
1502 1692 1519 1719 ,
1558 1651 1646 1728 qui
1673 1654 1721 1707 te
1739 1651 2048 1725 sententiam
2066 1662 2313 1726 prtmum
2420 1661 2421 1670 ¹

291 1744 451 1805 rogat.
492 1730 564 1787 Et
595 1730 651 1786 in
686 1746 850 1787 vrit.
881 1727 940 1786 in
975 1744 1082 1784 eun
1124 1744 1216 1784 em
1236 1768 1254 1793 ,
1293 1726 1650 1802 posteaquam
1686 1726 1884 1784 Caleni
1915 1726 2207 1783 confilium
2228 1725 2307 1784 de

292 1822 434 1893 pace
469 1824 596 1863 cum
629 1805 886 1865 Antonio
911 1801 1194 1879 jungenda
1222 1801 1344 1859 satis
1373 1801 1558 1862 multis
1588 1803 2102 1878 verbis‘exagitavit
2123 1845 2139 1870 ‚
2178 1801 2281 1859 sub

287 1883 474 1959 jungit
506 1883 662 1941 haec:
703 1880 839 1938 Satis
868 1879 1037 1937 multa
1066 1899 1182 1936 cum
1215 1876 1359 1957 Fufio
1379 1921 1395 1946 ,
1430 1881 1492 1950 dc
1511 1877 1623 1956 fine
1653 1879 1757 1936 odio
1789 1880 1960 1936 omnia
1983 1921 2000 1949 ‚
2041 1878 2170 1934 nihil
2188 1876 2309 1953 fine

293 1958 470 2016 dolore.
548 1959 707 2016 Credo
737 1972 913 2013 autem
929 2000 947 2027 ,
985 1955 1074 2035 qui
1092 1956 1538 2034 generi-querelam
1570 1957 1822 2013 moderate
1836 1956 1987 2030 firat
2016 1997 2035 2024 ,
2078 1959 2208 2033 aquo
2242 1972 2310 2009 a·

297 2036 436 2090 niem
479 2035 712 2092 laturum
755 2034 918 2090 amici.
958 2051 1073 2109 quo
1106 2034 1163 2092 in
1191 2034 1323 2090 loco
1356 2033 1492 2108 quin
1521 2033 1716 2091 Caleni
1784 2048 1915 2089 ener
1943 2029 2111 2089 Pansa
2146 2073 2164 2100 ,
2201 2029 2307 2107 qui

295 2111 488 2168 consul
515 2121 631 2169 erat
643 2145 666 2179 ,2
702 2109 1136 2178 demonstretur,
1176 2108 1270 2166 vix
1300 2110 1613 2184 putaverim
1643 2127 1719 2185 po
1764 2127 1796 2168 e
1824 2106 2074 2165 dubitari.
2092 2124 2307 2165 conve·
2412 2105 2417 2108 ’

289 2185 382 2245 -nit
416 2185 565 2244 enim
588 2229 605 2255 ,
633 2186 801 2261 generi
829 2186 1081 2263 querelam
1101 2226 1120 2253 ‚
1160 2201 1291 2243 curn
1322 2185 1481 2262 hujus
1513 2186 1753 2262 epistolae
1784 2183 1962 2244 verbis
1982 2217 2011 2252 ,π
2037 2182 2308 2242 vehemens

289 2268 369 2324 ‘o'
391 2281 505 2319 acer
535 2263 706 2337 Pansa
724 2304 742 2329 ‚
780 2264 898 2319 ciam
926 2261 981 2318 in
1011 2274 1186 2324 ceteros
1212 2261 1367 2337 hujus
1372 2262 1561 2337 generis
1577 2305 1595 2332 ,
1615 2278 1728 2320 tum
1743 2263 1968 2319 maxime
1984 2261 2038 2317 in
2056 2260 2305 2337 socerum.

377 2338 654 2396 Gerebatur
672 2382 687 2412 ,
709 2340 750 2428 ]›
772 2350 896 2397 tum
917 2381 934 2407 ,
975 2354 1102 2394 cum
1135 2337 1350 2395 senatus
1381 2336 1496 2396 erat
1530 2338 1782 2397 er'effior.
2170 2344 2199 2357 ·‘

373 2421 498 2473 ‘Non
530 2415 673 2496 nylla
704 2428 770 2473 m·
791 2416 1002 2493 Hirtia]
1058 2411 1275 2472 Hirtius
1308 2415 1461 2472 enim
1490 2426 1624 2473 ante
1655 2413 1880 2473 Pansam
1913 2411 1982 2471 ad
2011 2413 2301 2484 Mutinam

297 2494 569 2567 pervenit.
644 2491 832 2552 Pansae
862 2493 1107 2551 adventu
1138 2489 1352 2550 duobus
1382 2491 1603 2567 proeliis
1637 2490 1890 2550 confesta
1920 2506 2005 2548 res
2041 2489 2132 2547 est.
2170 2487 2304 2546 ideo

296 2570 477 2628 solum
512 2569 761 2628 Hirtium
795 2569 1067 2628 nominat.

377 2653 447 2702 Ut
476 2647 531 2704 in
551 2647 810 2722 secundis‘,
838 2646 1031 2724 fluxa;
1067 2658 1134 2712 τι]
1162 2642 1221 2701 in
1252 2641 1518 2721 adverfi5,'
1549 2643 1709 2722 bona]
1744 2644 1906 2721 hujus
1938 2642 2065 2700 belli
2083 2643 2309 2700 fortuna

298 2735 488 2797 neque
516 2721 751 2780 secunda
779 2721 938 2796 plane
972 2722 1111 2787 fuit,
1150 2737 1337 2795 neque
1370 2720 1604 2779 adversa.
1634 2739 1765 2779 nam
1800 2762 1817 2789 ‚
1856 2718 1896 2777 fi
1924 2717 2188 2777 secundas
2222 2735 2306 2777 res

301 2797 613 2870 cogitemus
648 2841 664 2866 ,
703 2798 761 2855 in
794 2797 906 2857 hoc
939 2798 1121 2855 minus
1149 2796 1343 2855 felices
1372 2798 1579 2856 fuimus
1616 2839 1633 2865 ‚
1673 2795 1827 2874 quod
1862 2795 2097 2859 vietoria
2134 2795 2308 2853 nostri

298 2869 470 2930 duces
500 2872 578 2929 ufi
607 2890 720 2930 non
754 2872 909 2940 fimf,
926 2870 1280 2948 hostibusque
1309 2868 1538 2948 spatium
1570 2873 1639 2932 ad
1668 2870 2076 2933 instaurandum
2092 2871 2303 2930 bellum

299 2944 604 3005 dederunt:
645 2947 723 3005 fin
756 2947 1038 3016 adversae,
1075 2947 1187 3005 hoc
1220 2949 1477 3025 prospere
1495 2951 1773 3018 succeffit,
1810 2947 1965 3026 quod
1980 2947 2201 3023 proelio
2224 2948 2308 3006 vi-

301 3022 514 3092 cimm,
554 3040 686 3098 ergo
720 3023 793 3081 est
821 3024 933 3081 hoc
965 3066 982 3093 ,
1019 3024 1389 3100 quamobrem
1421 3028 1747 3096 laetemur-3·
1806 3023 1921 3083 uod
1950 3032 2072 3081 ‘erat
2104 3022 2308 3082 vistrix

298 3099 436 3174 resp.
482 3099 631 3159 caefis
676 3100 917 3158 Antonii
963 3101 1136 3176 copiis
1168 3143 1185 3170 ,
1224 3101 1342 3178 ipso
1372 3103 1596 3179 expulso
1630 3123 1644 3163 ε
1684 3103 1779 3161 illu
1847 3119 1944 3160 cur
1974 3098 2310 3177 doleamuS,

281 3174 460 3251 -quod
481 3177 603 3252 post
632 3176 925 3235 victoriam
961 3177 1037 3236 ita
1068 3176 1242 3237 multa
1271 3190 1497 3254 peccata
1527 3198 1558 3238 a
1586 3179 1662 3238 D.
1690 3179 1864 3238 Bruto
1901 3221 1918 3248 ,
1956 3189 2019 3235 ut
2050 3176 2311 3254 quodam

304 3250 487 3312 modo
516 3251 749 3312 vietoria
782 3252 1044 3313 exciderit
1075 3272 1109 3313 e
1138 3256 1407 3316 manibus.
1439 3255 1633 3325 iisdem
1664 3256 1843 3316 verbis
1872 3254 1941 3314 de
1966 3254 2029 3313 ‘se
2046 3252 2168 3331 ipso
2184 3253 2310 3312 usus

283 3325 392 3387 -est
406 3327 471 3386 in
504 3329 727 3404 epistola
751 3329 821 3389 ad
851 3332 1108 3390 Atticum
1140 3331 1281 3390 libro
1322 3350 1406 3391 xv.
1438 3351 1524 3408 ep.
1565 3351 1611 3392 1.
1690 3333 1912 3410 lusum
1930 3351 2004 3389 res
2018 3333 2190 3407 nostra
2209 3342 2311 3400 ,ut

289 3404 362 3465 'in'
376 3403 609 3480 secundis
624 3404 818 3491 fluxu
857 3421 923 3464 ut
949 3407 1006 3463 in
1038 3407 1268 3484 adversis
1285 3451 1302 3479 ‚
1336 3410 1490 3475 bena.
2108 3416 2115 3463 j
2234 3410 2237 3415 ⁴

332 3556 343 3567 ·
377 3480 756 3562 Brutivdemde]
793 3483 859 3544 &
887 3482 1151 3547 sententia
1182 3495 1335 3561 patet
1351 3508 1375 3575 3}
1410 3487 1483 3544 &·
1500 3487 1575 3545 ita
1605 3483 1866 3562 striptum
1882 3488 1961 3549 est·
1977 3488 2043 3545 in?
2068 3487 2313 3564 antiquis

303 3553 466 3618 libris.
498 3562 672 3619 miror
702 3571 887 3618 tamen
906 3600 926 3628 ‚
965 3574 1062 3618 cur
1089 3561 1238 3620 istam
1277 3563 1491 3638 cuipam
1526 3563 1583 3621 in
1616 3563 1693 3623 D.
1711 3563 1944 3623 Brutum
1962 3564 2309 3627 nominatim

308 3632 514 3695 Cicero
545 3638 871 3717 contulerit,
911 3654 1006 3694 cur
1036 3655 1153 3698 non
1186 3641 1371 3714 potius
1402 3640 1457 3698 in
1477 3636 1856 3702 octavianum
1874 3685 1892 3712 ,
1931 3659 2107 3721 quem
2123 3660 2157 3701 a
2173 3641 2310 3701 Bru'-

209 3717 214 3724 ·
305 3718 371 3766 to
388 3750 406 3776 ,
441 3722 508 3797 ut
538 3712 765 3772 Caesaris
791 3714 966 3773 filium
987 3755 1004 3781 ,
1042 3726 1158 3772 non
1189 3718 1400 3786 amari,
1434 3717 1610 3794 probe
1643 3729 1879 3777 noverat
1912 3739 1928 3777 x
1971 3718 2127 3796 cujas
2159 3726 2309 3781 eerte

303 3797 557 3860 mum.
590 3806 768 3869 quam·
792 3790 870 3853 D·
900 3789 1056 3852 Bruti
1069 3830 1090 3862 ,
1127 3794 1429 3868 matun
1451 3793 1595 3865 mu*
1615 3794 1763 3880 itate
1792 3795 2313 3880 quoennmium,

283 3908 291 3914 .
544 3896 559 3909 s
1087 3884 1094 3895 ·
2233 3887 2307 3936 CX

145 4158 298 4230 Ἦ
365 4170 368 4171 f
