2514 4438
458 255 561 322 m
609 231 725 334 Q
757 229 964 310 Cro}
1009 225 1515 307 n-t·Pn·r·r·1·.
1560 226 1982 343 Constitit
2135 239 2286 339 Βῆ

253 377 266 396 «
341 349 496 414 ratini
526 353 618 409 hoc
647 349 777 411 mihi
801 348 966 429 dicas]
1005 358 1071 407 ut
1100 369 1123 418 ·,
1159 355 1221 407 te
1252 356 1530 410 monente
1565 389 1585 419 ,
1614 347 1839 423 .÷co·rrigi
1870 346 2052 424 poffit.
2124 349 2284 412 Alias

260 433 434 493 etiam
465 428 754 490 emendari
785 440 843 487 at
882 444 957 486 ue
991 424 1083 485 edi
1111 425 1239 485 suos
1272 425 1495 488 annales
1531 443 1565 485 a
1596 425 1764 485 fratre
1779 426 1975 503 petiit3
2017 426 2286 505 uuestep.

261 507 351 568 16.
381 508 475 570 lib.
502 522 558 564 2.
590 503 660 564 ad
691 505 814 563 Att.
866 513 1064 563 umant
1092 511 1283 561 autem
1314 502 1448 562 hinc
1478 500 1579 561 fibi
1593 513 1944 578 praeceptum
1960 500 2285 581 adolescenq‘

253 594 342 644 tes
376 626 395 652 ,
448 593 505 642 at
545 599 620 641 ue
667 580 813 640 adeo
844 596 1067 639 omnes
1100 620 1120 649 ‚
1158 580 1359 656 quibus
1392 596 1544 639 curae
1578 578 1657 637 est
1689 571 1755 639 ea
1783 578 2018 639 scribere
2052 623 2072 651 ,
2108 593 2285 660 quae„⁸

255 676 394 719 cum
426 659 488 719 in
558 658 820 718 ominum
853 674 1051 717 manus
1073 657 1476 732 pervenerint,
1510 655 1622 732 legi
1650 654 1888 732 poffint,
1926 665 1992 715 ut
2024 674 2194 735 aequo
2215 676 2279 719 a·

256 736 425 796 nimo
458 737 638 795 ferant
670 776 688 803 ,
725 738 819 795 sua
849 733 1047 816 scripta
1074 750 1109 791 a
1141 731 1486 794 doctioribus
1520 731 1809 792 emendari
1824 775 1842 803 ‚
1882 748 2012 793 cum
2049 733 2281 796 videant

255 811 318 871 id
348 811 812 887 praestantiflimos
842 810 994 870 viros
1025 807 1329 878 faffitaffe3
1375 822 1437 870 ut
1466 820 1670 886 praeter
1703 807 2021 886 Quina-um
2037 851 2057 881 ,
2094 810 2280 887 ipsum

257 888 433 947 etiam
465 888 726 948 Marcum
764 930 784 957 ‚
820 887 922 965 qui
951 886 1176 946 suarum
1210 887 1530 964 orationum
1563 885 1944 947 Aristarchum
1972 897 2143 950 vocat
2170 888 2284 948 At·

253 964 475 1024 ticum:
515 977 579 1024 ut
610 962 937 1026 faciendum
968 960 1080 1023 effe
1111 962 1283 1022 docet
1310 965 1517 1026 Horat.
1549 963 1607 1022 in
1639 962 1801 1023 Poet.
1836 964 1896 1022 &
1916 962 2025 1042 *qui
2060 1005 2080 1034 ,
2157 963 2284 1025 uod

256 1038 457 1100 docuit
487 1084 506 1112 ,
563 1041 736 1101 etiam
773 1038 1088 1100 revidetur
1118 1037 1419 1117 praestitiss’e
1439 1057 1475 1113 '‚
1535 1056 1666 1099 cum
1713 1039 1948 1099 Albium
1980 1039 2099 1100 Tib
2175 1059 2281 1103 um

241 1117 584 1184 ,sermonum
616 1119 845 1183 suorum
869 1116 1124 1195 judicem
1157 1118 1434 1178 nominat.
1509 1117 1697 1177 Sciant
1728 1133 1907 1186 vero,
1943 1117 2091 1177 nulla
2124 1119 2185 1178 in
2216 1136 2283 1179 re

258 1193 473 1253 facilius
518 1196 782 1255 homines
832 1212 1030 1254 amore
1055 1194 1138 1253 1ui
1170 1192 1359 1281 decipi
1385 1194 1562 1254 solere
1593 1238 1611 1265 ,
1665 1211 1839 1272 quam
1875 1194 1939 1251 in
1959 1192 2282 1269 judicandis

258 1268 326 1340 iis
345 1313 364 1339 ‚
404 1288 535 1349 quae
570 1290 639 1331 ex
670 1277 771 1330 suo
805 1270 1036 1348 ingenio
1071 1281 1386 1347 pepererint
1420 1295 1440 1340 ;
1497 1271 1559 1330 δε
1606 1271 1676 1331 ad
1725 1269 2104 1330 eruditionem
2153 1272 2281 1348 plus

259 1346 535 1422 proficere
582 1349 750 1412 amici
801 1349 860 1410 ὃ(
911 1345 1065 1408 (1οόὶί
1111 1347 1361 1411 hominis
1411 1346 1737 1424 diligentem
1772 1344 2236 1408 emendationem
2255 1389 2280 1418 ,

260 1440 437 1499 quam
469 1423 794 1486 diuturnum
827 1424 945 1501 ejus
974 1423 1216 1491 studium
1236 1466 1254 1493 ,
1294 1423 1395 1502 qui
1423 1422 1480 1483 se
1511 1424 1863 1487 emendatori
1891 1422 2157 1501 subjicere
2187 1422 2283 1485 ie-

157 1525 160 1532 ·
262 1499 430 1560 cuset.
506 1501 788 1579 Equidem
809 1543 828 1571 ,
867 1499 908 1559 fi
936 1500 1075 1586 quid
1100 1517 1382 1578 umquam
1413 1502 1630 1583 profeci
1663 1543 1682 1571 ,
1720 1498 1880 1579 quod
1904 1502 2279 1580 perexiguum

260 1574 372 1636 effe
404 1595 522 1637 non
556 1578 811 1648 inficior,
848 1577 944 1637 sed
968 1578 1530 1657 quantulumcunque
1561 1576 1697 1637 illud
1727 1576 1804 1636 est
1822 1575 2279 1653 ‚profiteor‚me

257 1650 509 1715 fidelibus
555 1656 786 1718 monitis
836 1656 897 1714 &
943 1653 1124 1716 doctis
1155 1654 1592 1716 correctionibus
1626 1654 1901 1713 Francisci-
1928 1651 2198 1714 Morandi
2225 1654 2281 1728 J.

260 1727 330 1786 C.
362 1728 565 1796 debere
581 1752 600 1798 ;
642 1733 797 1807 cujus
829 1749 961 1793 cum
990 1730 1125 1792 effet
1160 1730 1442 1810 judicium
1474 1748 1736 1808 peracre,
1777 1731 1839 1794 δε
1869 1728 2123 1790 doc‘tn’na
2152 1747 2279 1791 non

258 1805 496 1882 vulgaris
518 1849 536 1875 ‚
572 1820 758 1867 tantus
792 1819 908 1870 erat
939 1809 1117 1872 animi
1148 1807 1393 1880 candor,
1430 1820 1495 1867 ut
1525 1807 1859 1868 diffimulare
1889 1806 2028 1868 nihil
2058 1805 2237 1882 poffet
2256 1848 2280 1879 ,

261 1881 421 1956 quod
452 1883 702 1959 scriptori
731 1895 928 1944 notam
962 1885 1208 1964 aliquam
1241 1884 1532 1945 allaturum
1566 1884 1939 1960 suspicaretur.
1975 1882 2281 1943 Afficieba-

260 1968 352 2016 tur
384 1959 538 2021 enim
569 1977 689 2023 non
721 1960 873 2020 secus
902 1976 1030 2037 erga
1061 1961 1238 2020 aliena
1254 1961 1449 2035 scripta
1465 2002 1485 2031 ,
1502 1978 1674 2038 quam
1705 1959 1748 2018 fi
1777 1960 1999 2036 propria
2015 1956 2277 2020 fuiffent:

261 2030 436 2110 idque
468 2050 598 2093 cum
633 2036 691 2094 in
726 2037 922 2099 ceteris
955 2051 982 2105 ,'
1027 2047 1153 2096 tum
1183 2037 1468 2112 praecipue
1497 2038 1557 2097 in
1590 2036 1924 2099 carminibus
1951 2035 2275 2115 praestabat:

237 2107 317 2168 in
368 2111 567 2196 quibus
602 2111 661 2176 &
694 2111 988 2174 scribendis
1020 2115 1081 2172 &
1112 2112 1477 2189 dijudicandis
1512 2113 1831 2178 excellebat.
1907 2111 2017 2172 Sed
2046 2129 2164 2173 non
2197 2113 2278 2173 est

263 2185 406 2245 mihi
436 2187 785 2264 propofitum
802 2232 821 2261 ‚
860 2190 1089 2266 hujusce
1121 2190 1228 2251 viri
1262 2189 1491 2252 virtutes
1522 2188 1828 2253 describere
1858 2210 1878 2259 3
1920 2207 2053 2269 quae
2081 2190 2143 2249 &
2172 2207 2274 2266 per

260 2259 318 2319 se
351 2277 508 2327 notae
541 2265 662 2323 satis
695 2266 819 2324 sunt
858 2309 876 2336 ,
927 2267 989 2327 ὃ(
1019 2266 1337 2331 clarioribus
1371 2269 1759 2328 monumentis
1790 2267 2019 2326 testatae.
2094 2268 2276 2329 Volui

259 2348 480 2399 tantum
517 2339 741 2404 doctori
772 2344 999 2415 optimo
1033 2344 1093 2405 δε
1124 2345 1314 2403 amico
1347 2343 1713 2420 integerrimo
1731 2382 1749 2409 ,
1789 2342 2008 2399 meritae
2025 2342 2195 2401 etiam
2214 2344 2277 2405 in

259 2412 368 2471 hac
398 2426 554 2490 parte
585 2415 761 2474 laudis
791 2416 1177 2479 testimonium
1210 2414 1456 2476 reddere.
1532 2415 1629 2478 Ad
1675 2416 1856 2491 prima
1886 2415 2077 2479 redeo,
2155 2419 2280 2478 Ne-

259 2506 384 2566 que¹
407 2505 641 2565 magnos
670 2489 824 2566 posse
853 2491 912 2549 in
945 2489 1233 2553 scribendo
1263 2488 1547 2565 profectus
1576 2490 1733 2551 illum
1767 2492 1952 2553 facere
1984 2534 2003 2562 ,
2041 2492 2133 2571 qm·
2160 2508 2279 2553 tur-

247 2578 368 2649 pem
387 2579 538 2643 putet
563 2567 623 2629 in
644 2566 845 2643 scriptis
871 2581 1168 2649 metuatque
1194 2567 1415 2625 lituram
1430 2609 1449 2637 ,
1487 2578 1552 2624 ut
1580 2569 1657 2626 ait
1673 2569 1877 2627 Horat.
1952 2569 2012 2626 N
2015 2586 2169 2647 eque
2193 2571 2280 2631 ul-

259 2643 343 2701 los
378 2644 678 2720 patientius
709 2642 1075 2718 reprehendi,
1114 2661 1285 2722 quam
1323 2643 1423 2726 qui
1455 2644 1704 2708 maxime
1736 2642 1947 2707 laudari
1963 2656 2273 2709 merentur:

261 2732 325 2781 ur
362 2721 436 2777 est
466 2719 614 2795 apud
645 2720 917 2789 Plinium,
966 2719 1057 2777 lib.
1087 2737 1137 2792 7.
1172 2718 1324 2795 epist.

339 2797 454 2859 Volo
482 2798 618 2859 enim
649 2797 738 2861 boc
770 2796 1266 2876 commentariolum]
1307 2794 1495 2856 Sciant
1521 2796 1757 2858 lectores
1792 2839 1810 2869 ,
1849 2799 1906 2858 in
1939 2799 2179 2878 antiquis
2209 2799 2279 2861 li-

259 2868 367 2931 bris
396 2873 541 2948 legi,
580 2873 693 2931 volo
727 2875 864 2931 enim
895 2872 984 2930 hoc
1013 2872 1142 2935 mibi
1174 2874 1679 2934 commentariolum}
1717 2875 1812 2934 ubi
1843 2874 1975 2935 mihi
2008 2876 2076 2935 ad
2110 2895 2277 2937 orna·

259 2959 384 3012 tum
415 2951 679 3009 insertum
713 2951 1006 3026 suspicarer
1039 2970 1059 3017 ;
1101 2961 1166 3011 ut
1198 2951 1345 3026 saepe
1377 2950 1526 3027 apud
1561 2952 1901 3014 Terentium
1934 2995 1952 3022 ,
2006 2953 2091 3011 M.
2129 2954 2278 3017 Tul·

255 3023 396 3087 lium
419 3067 436 3095 ,
456 3026 691 3086 Livium
713 3046 727 3085 ε
749 3026 849 3090 nisi
880 3025 1265 3102 imprudenter
1295 3044 1326 3085 a
1353 3027 1574 3088 librario
1605 3029 1947 3092 inculcatum
1980 3028 2233 3093 viderem
2251 3071 2275 3102 .
2338 3068 2349 3081 ›

260 3118 330 3160 ex
362 3102 805 3176 praecedentibus
831 3103 1010 3162 verbis
1030 3146 1048 3173 ,
1091 3102 1249 3165 velim
1282 3103 1371 3161 hoc
1402 3102 1529 3162 mihi
1556 3104 1709 3165 dicas.

335 3180 854 3260 Commentariolum]
895 3181 1134 3241 nomine
1167 3180 1287 3256 ipso
1320 3180 1529 3243 indicat
1547 3225 1565 3252 ,
1604 3180 1768 3260 quale
1799 3180 1866 3240 fit
1896 3182 2010 3242 hoc
2037 3184 2278 3259 opuscu-

257 3251 414 3320 lum;
455 3272 663 3337 nempe
694 3257 752 3317 in
782 3274 901 3333 quo
930 3257 1253 3316 summatim
1290 3259 1470 3334 capita
1501 3257 1767 3335 quaedam
1794 3275 1982 3323 rerum
1997 3257 2101 3321 fint
2116 3277 2280 3322 com-

257 3327 538 3406 prehensa.
616 3332 752 3393 Hoc
781 3334 935 3393 enim
971 3335 1117 3395 valet
1150 3336 1643 3397 commentarium.

266 3474 271 3479 .
341 3407 503 3467 Omni
532 3408 726 3471 ratione
749 3412 1028 3484 perficium
1098 3410 1175 3469 ita
1210 3452 1228 3480 ‚
1283 3422 1346 3473 ut
1377 3412 1491 3471 aliis
1524 3413 1697 3475 etiam
1728 3412 2051 3476 hominibus
2082 3416 2142 3475 in
2171 3417 2279 3478 suis

259 3482 624 3559 petitionibus
659 3485 777 3542 usui
815 3484 921 3544 effe
956 3494 1133 3562 polit.
1207 3486 1285 3545 Et
1316 3488 1607 3549 artificiose
1642 3506 1716 3551 eo
1736 3489 1910 3549 verbo
1945 3507 2086 3567 opus
2103 3493 2279 3551 absol-

260 3561 380 3628 vit,
422 3577 540 3635 quo
573 3579 688 3619 non
726 3561 999 3637 perfectio
1033 3564 1115 3625 rei
1145 3562 1324 3623 solum
1347 3605 1365 3632 ,
1403 3563 1499 3624 sed
1525 3566 1584 3624 δε
1617 3565 1740 3625 finis
1772 3564 2119 3642 fignificatur.
2157 3569 2279 3629 Ta·
2376 3624 2383 3627 f

257 3635 322 3697 lis
357 3634 432 3693 est
461 3634 584 3701 finis
615 3637 735 3695 libri
772 3636 841 3695 de
874 3639 1098 3697 somnio
1133 3639 1407 3714 Scipionis
1446 3660 1461 3699 ε
1505 3641 1599 3705 Ille,
1618 3641 1854 3720 desceffln
1892 3662 1972 3718 ego
1991 3642 2173 3719 fhmno
2197 3654 2284 3717 lo-

263 3708 403 3769 lutus
421 3712 563 3787 sum.
642 3715 715 3771 Et
747 3715 835 3772 lib.
873 3732 925 3771 2.
959 3714 1029 3773 de
1061 3715 1296 3774 finibus:
1339 3717 1515 3774 Finem
1532 3718 1753 3790 ficimus
1787 3737 1854 3780 (θ’
1879 3720 2184 3781 ambulandi
2213 3739 2283 3785 <9⁶

260 3786 568 3867 disputandi.
603 3790 663 3850 ὅ(
694 3790 752 3850 in
782 3809 837 3865 4.
870 3789 941 3853 de
978 3790 1214 3864 finibus,
1252 3792 1316 3856 δε
1346 3791 1407 3855 in
1440 3811 1492 3855 2.
1527 3796 1600 3855 dc
1633 3793 1864 3856 divinat.
1918 3800 2045 3876 Qae
2076 3798 2286 3874 cumes-

2158 3873 2285 3951 sent
