2514 4438
377 236 528 334 256
740 209 1223 306 Pansam
1273 226 2066 306 consummamus
2126 259 2135 264 ·

381 349 452 414 rit
481 351 635 411 enim
667 349 761 408 hic
787 347 968 407 sensus
999 389 1018 416 ,
1056 347 1118 405 δί
1147 356 1214 402 ut
1243 356 1383 421 puto
1415 387 1434 414 ,
1472 346 1752 408 efficacior
1781 366 1797 404 ι
1835 345 1879 405 fi
1909 348 2129 409 efficies
2157 392 2180 419 ,
2238 361 2409 408 ut

375 435 532 488 nunc
559 427 659 484 tibi
694 442 810 483 non
839 421 1196 482 adversantur
1223 422 1457 499 quidem
1491 463 1509 490 ,
1545 421 1641 481 sed
1674 440 1780 481 nec
1809 423 2141 484 admodum
2187 428 2441 486 fave

382 521 520 564 nox
564 503 672 560 tuis
716 502 899 559 verbis
929 498 1157 558 adduffi
1190 541 1211 567 ,
1249 500 1326 556 ita
1362 498 1663 557 incitentur
1696 540 1714 568 ,
1752 512 1816 557 ut
1846 510 1943 559 tua
1974 501 2182 561 caussa
2227 522 2450 580 cup

378 579 675 639 videantur
689 619 708 647 ‚
748 576 808 636 id
839 577 943 636 erit
970 576 1072 634 tibi
1097 592 1197 650 per
1226 575 1378 633 utile.
1417 576 1539 632 Aut
1570 573 1794 634 fortass'e
1809 576 2124 651 legendum
2155 622 2180 647 ,
2203 582 2447 637 vola

377 656 616 791 iia?
626 671 804 807 «ἷί,ῗᾲ
827 651 1327 801 {inffowssnssfi
1366 651 1537 798 {512³}
1568 653 1819 801 {59³3ss
1883 649 2028 786 22³..
2043 653 2458 789 Ἑσῗτῑὶὶ

377 809 484 866 ωε
501 851 519 879 ,
556 774 614 865 ἐι
642 826 751 885 qua
778 806 903 878 inest
932 804 1111 881 atqua
1136 803 1219 859 vis
1245 801 1484 879 aefiaerii.
1562 804 1645 860 At
1685 821 1757 862 ue
1787 805 1897 862 huc
1911 806 2267 881 respiciunt
2296 811 2448 869 1112

369 883 485 945 fine
516 883 671 942 libri:
713 881 767 937 si
796 882 981 954 nostros
1010 878 1083 935 ad
1099 878 1375 953 summum
1395 878 1631 951 studium
1642 820 1914 937 (innovatos
1941 882 2333 943 excitamus-

453 968 541 1019 Ac
566 959 796 1016 multum
823 959 982 1014 etham
1011 955 1335 1033 novitatem]
1368 955 1531 1013 tertia
1561 956 1704 1013 ratio
1739 998 1756 1024 ,
1793 974 1902 1033 qua
1928 956 2331 1020 fiiblevetur
2378 981 2443 1021 za

374 1037 517 1095 vitas
549 1034 840 1093 Ciceronis
872 1076 891 1102 ,
931 1033 1008 1092 est
1043 1032 1486 1106 competitorum
1517 1030 1811 1105 indignitas
1845 1052 1860 1090 ε
1902 1032 1974 1091 de
2005 1036 2244 1110 quibus
2318 1057 2447 1115 qu

371 1111 635 1188 scripserit
664 1111 871 1168 Ascon.
899 1141 902 1146 -
946 1108 1218 1168 Pedianus
1236 1148 1255 1176 ‚
1296 1124 1487 1182 operae
1518 1111 1763 1182 pretium
1797 1110 1873 1166 est
1903 1109 2128 1178 videre.
2176 1112 2320 1173 Ille
2373 1117 2460 1187 ig

374 1199 466 1246 tm·
493 1190 553 1246 in
584 1186 999 1246 commentario
1030 1195 1169 1242 orat.
1199 1185 1260 1242 in
1292 1184 1689 1259 competitores
1723 1226 1740 1252 ,
1767 1184 1863 1259 fix
1891 1188 2273 1261 competitores
2298 1232 2327 1257 ‚
2388 1192 2449 1249 ir

370 1265 497 1353 quit
514 1306 533 1333 ,
570 1264 629 1320 in
659 1262 950 1338 consulatus
969 1262 1206 1338 petitione
1237 1259 1442 1318 Cicero
1474 1259 1663 1318 habuit
1680 1282 1698 1329 ς
1717 1260 1858 1319 duos
1871 1261 2157 1322 Patricios
2177 1305 2200 1331 ‚
2220 1265 2299 1322 P-
2330 1267 2456 1325 Sul

370 1343 588 1419 picium
615 1339 855 1399 Galbam
871 1380 889 1407 ,
925 1338 999 1395 L.
1034 1337 1287 1410 Sergium
1320 1335 1618 1395 Catilinam
1631 1358 1663 1403 ς.
1692 1347 1955 1412 quattuor
1984 1339 2270 1413 plebeios
2290 1362 2324 1408 ;
2388 1362 2458 1401 e)

370 1417 573 1504 quibus
589 1458 608 1485 ‚
647 1415 788 1475 duos
821 1414 1034 1474 nobiles
1063 1454 1082 1483 ,
1123 1412 1193 1470 C.
1220 1411 1541 1472 Antonium
1575 1454 1594 1481 ,
1632 1413 1716 1470 M.
1749 1413 1993 1471 Antonii
2027 1420 2307 1475 oratoris
2352 1419 2412 1476 F
2412 1420 2454 1476 i-

370 1494 513 1555 lium
532 1535 549 1563 ,
589 1493 660 1552 L.
697 1492 938 1550 Caffium
972 1490 1303 1563 Longinum
1320 1509 1338 1554 ;
1378 1486 1554 1557 duOS,
1592 1491 1693 1564 qui
1716 1500 1934 1552 tantum
1965 1508 2092 1549 non
2125 1495 2332 1568 primi
2378 1513 2460 1552 ex

369 1570 595 1630 familiis
627 1569 732 1627 suis
766 1567 1138 1642 magistratum
1170 1564 1359 1638 adepti
1390 1575 1545 1623 erant
1564 1606 1582 1633 ,
1621 1567 1699 1640 Q.
1731 1565 2110 1627 Cornificium
2129 1570 2198 1627 &
2216 1570 2297 1627 C.
2321 1570 2449 1631 Li-

369 1647 586 1704 cinium
619 1644 995 1703 Sacerdotem.
1035 1641 1226 1698 Ceteri
1259 1641 1376 1714 ejus
1409 1641 1805 1716 competitores
1821 1641 2075 1702 modeste
2091 1644 2156 1702 se
2171 1644 2443 1720 geffere.

370 1722 609 1799 Vifique
639 1720 765 1779 sunt
797 1716 1130 1777 Cornificius
1161 1718 1224 1774 δε
1255 1716 1433 1776 Galba
1461 1717 1626 1776 sobrii
1656 1733 1723 1775 ac
1750 1717 1920 1778 sanffi
1956 1719 2064 1778 viri
2081 1762 2100 1788 ,
2126 1721 2443 1780 Sacerdos

368 1798 521 1859 nulla
550 1796 910 1873 improbitate
937 1804 1121 1853 notuS.
1160 1792 1405 1852 Caffium
1425 1834 1444 1861 ,
1483 1793 1585 1869 qui
1612 1793 1755 1853 iners
1787 1811 1852 1852 ac
1879 1794 2110 1855 stolidus
2126 1808 2261 1856 tum
2280 1817 2425 1857 ma-

368 1875 453 1952 gis
525 1892 656 1934 uam
683 1872 971 1949 improbus
998 1869 1282 1929 videretur
1296 1908 1314 1938 ,
1351 1869 1474 1944 post
1497 1887 1707 1956 paucos
1736 1872 2023 1930 mensesin
2042 1874 2179 1949 conj
2187 1875 2425 1932 uratio-

372 1970 448 2009 ne
479 1893 738 2009 gaminae
770 1947 881 2007 effe
910 1947 1162 2024 apparuit
1179 1988 1197 2016 ,
1211 1962 1279 2004 ac
1296 1946 1791 2005 cruennffimarum
1810 1946 2214 2009 sententiarum
2233 1948 2408 2008 fuiffi:

373 2026 685 2086 auctorem.
762 2026 960 2103 Itaque
1004 2024 1066 2083 bi
1110 2032 1375 2100 quattuor
1405 2040 1510 2097 pro
1543 2040 1602 2080 re
1629 2022 1929 2099 jacebants
1980 2024 2073 2082 Ex
2104 2025 2176 2084 iis
2219 2026 2405 2101 igitur

371 2114 641 2179 quattuor
669 2113 890 2160 tantum
914 2100 1173 2161 nominat
1201 2097 1514 2175 Quinetus3
1554 2099 1767 2159 nobiles
1798 2099 2107 2160 nimirum:
2146 2101 2217 2160 de
2237 2103 2406 2159 Cor·

371 2179 573 2239 nificio
605 2180 667 2236 &
685 2179 915 2238 Licinio
933 2222 951 2248 ,
987 2175 1312 2236 hominibus
1342 2175 1543 2244 novis,
1582 2175 1798 2237 nullum
1831 2176 2090 2236 verbum.

371 2302 380 2313 .
451 2254 715 2330 Ejusmodi
737 2255 952 2331 nobiles]
989 2270 1107 2311 uno
1139 2265 1398 2325 tempore
1431 2262 1697 2327 quattuor
1707 2253 1851 2329 ipsos
1866 2253 2081 2312 nobiles
2099 2256 2396 2331 complec-

371 2332 508 2390 titur
518 2353 538 2400 ;
577 2348 644 2390 ac
661 2373 679 2400 ,
718 2330 761 2387 fi
791 2340 1143 2405 comparetur
1176 2328 1439 2386 omnium
1472 2327 1728 2387 nobilitas
1766 2345 1897 2388 cum
1913 2331 2076 2388 unius
2091 2331 2387 2392 Ciceronis

366 2409 581 2467 virtute
594 2451 613 2478 ,
652 2407 802 2466 illam
836 2424 954 2466 non
987 2407 1106 2482 plus
1134 2420 1309 2481 quam
1339 2405 1484 2464 hanc
1511 2405 1697 2464 valere
1730 2403 1933 2464 debere
1963 2405 2114 2464 dicit.
2149 2408 2380 2467 Deinde

367 2484 445 2544 ad
469 2484 706 2560 fingulos
736 2483 1018 2543 descendit
1048 2503 1064 2541 :
1103 2499 1169 2541 ac
1200 2480 1274 2539 de
1302 2480 1364 2538 P.
1394 2480 1570 2540 Galba
1596 2482 1658 2540 δε
1690 2482 1760 2538 L.
1792 2482 1989 2543 Caffio.
2007 2481 2160 2541 addit
2194 2526 2212 2552 ,
2248 2502 2370 2545 non

367 2560 555 2621 solum
599 2559 976 2636 praeferendos
1003 2576 1122 2618 non
1151 2554 1261 2617 effe
1303 2557 1570 2615 Ciceroni
1601 2600 1620 2625 ,
1672 2555 1799 2615 licet
1829 2558 2054 2617 summo
2098 2559 2230 2619 loco
2257 2561 2373 2620 nati

373 2637 510 2704 fint;
551 2653 749 2696 verum
783 2638 991 2693 mirum
1026 2636 1196 2692 etiam
1231 2628 1340 2689 effe
1371 2674 1390 2699 ,
1429 2651 1528 2692 eos
1559 2633 1905 2697 consulatum
1940 2634 2142 2694 audere
2169 2650 2376 2712 petere.

365 2716 572 2790 Quare
595 2710 762 2799 guod
790 2710 1047 2769 nonnulli
1079 2712 1134 2772 τὶ
1147 2710 1268 2783 jam
1284 2707 1344 2765 in
1358 2727 1487 2766 nam
1502 2720 1720 2769 mutare
1734 2710 2065 2779 voluerunt;
2084 2722 2364 2790 tamquam

363 2797 651 2855 *rationem
684 2793 880 2851 reddat
894 2833 912 2862 ,
953 2809 1049 2849 cur
1081 2793 1181 2850 illis
1212 2794 1332 2868 plus
1363 2795 1620 2855 nobilitas
1649 2839 1667 2867 ,
1707 2814 1878 2873 quam
1908 2797 2171 2857 Ciceroni
2203 2802 2364 2858 virtus

368 2871 623 2946 prodefl’e
654 2886 772 2927 non
804 2868 1006 2926 debeat
1032 2889 1053 2934 ;
1094 2870 1234 2929 mihi
1270 2888 1391 2929 non
1421 2872 1602 2947 placet
1634 2894 1651 2931 :
1691 2890 1822 2932 cum
1852 2874 1977 2932 haec
2005 2890 2125 2933 non
2152 2876 2219 2934 ad
2250 2876 2364 2936 red-

365 2945 613 3007 dendam
643 2946 919 3003 rationem
940 2987 957 3014 ,
996 2945 1169 3019 magis
1197 2963 1374 3022 quam
1406 2948 1477 3007 ad
1508 2948 1957 3025 amplificandum
1988 2949 2169 3008 addita
2197 2951 2311 3011 fint.

441 3031 651 3079 Summo
684 3020 781 3077 loco
813 3025 985 3101 natos]
1029 3033 1144 3079 erat
1215 3023 1408 3082 uidem
1440 3025 1575 3095 alter
1604 3026 1860 3100 patricius
1878 3068 1895 3095 ‚
1932 3027 2069 3084 alter
2094 3027 2357 3105 plebejus:

359 3098 461 3158 *led
491 3110 646 3157 erant
675 3099 872 3157 multae
902 3099 1133 3157 familiae
1164 3118 1201 3175 p
1222 3100 1398 3159 ebeiae
1418 3143 1435 3169 ,
1473 3104 1679 3177 amplae
1710 3103 1771 3159 &
1808 3103 2072 3161 honestae.

363 3216 372 3225 .
409 3186 418 3193 ‘
443 3176 577 3250 Qis
602 3176 670 3249 est
701 3177 790 3254 qui
810 3188 976 3251 petere
1002 3175 1322 3250 consulatum
1345 3189 1492 3252 putet
1511 3177 1579 3257 ?]
1636 3177 1811 3237 Galba
1842 3179 1995 3238 enim
2030 3221 2048 3248 ,
2084 3179 2204 3238 licet
2237 3198 2352 3241 mo—

359 3249 688 3310 destiffimus
719 3264 888 3327 atque
919 3253 1167 3327 optimus
1196 3255 1285 3311 vir
1313 3250 1447 3311 effet
1481 3297 1500 3324 ,
1538 3265 1601 3311 ut
1633 3254 1709 3313 est
1740 3255 1797 3312 in
1832 3266 1970 3314 orat.
2002 3272 2101 3330 pro
2132 3257 2197 3313 L.
2230 3260 2352 3316 Mu-

359 3345 534 3396 rena,
570 3340 763 3385 tamen
796 3328 1188 3401 imprudentiae
1220 3329 1444 3389 videtur
1471 3331 1757 3399 damnari,
1795 3332 1854 3389 in
1868 3332 2046 3406 prima
2060 3350 2141 3406 ep.
2157 3333 2220 3391 ad
2235 3336 2347 3392 Att.

366 3405 468 3463 ubi
495 3403 568 3462 de
599 3404 715 3481 ejus
742 3420 1095 3480 praepropera
1130 3407 1479 3481 prensatione
1510 3406 1574 3465 fit
1605 3408 1860 3473 mentio;
1902 3424 2010 3466 nec
2026 3409 2206 3467 multae
2220 3427 2342 3467 auc-

366 3481 606 3541 toritatis
631 3482 814 3540 homo
843 3493 1069 3555 apparet
1084 3523 1102 3548 ,
1142 3482 1299 3559 quod
1334 3485 1388 3542 ei
1416 3483 1690 3558 prensanti
1718 3484 1892 3558 vulgo
1919 3495 2188 3558 negarent.
2254 3485 2345 3544 De

357 3556 559 3616 Caffio
589 3575 729 3616 vero
750 3558 872 3633 jam
906 3557 1121 3616 dietum
1151 3559 1262 3629 est,
1303 3578 1373 3618 ex
1403 3560 1671 3619 Asconio.

363 3660 374 3677 --
445 3635 557 3707 Qi
574 3632 688 3709 fine
721 3635 895 3692 nervis
914 3632 1055 3713 sint]
1095 3633 1208 3693 fine
1240 3636 1445 3695 viribus
1463 3679 1480 3705 ,
1520 3637 1634 3696 fine
1663 3637 1997 3697 auetoritate
2014 3680 2033 3708 ‚
2071 3637 2171 3696 fine
2186 3639 2337 3697 virtu·

356 3715 444 3781 fite.
483 3710 600 3767 Hic
626 3728 731 3785 pro
758 3713 852 3796 qui
869 3755 887 3781 ,
924 3711 1223 3786 legendum
1256 3712 1482 3772 videtur
1510 3715 1657 3793 quod.
1699 3713 1905 3773 Reddit
1939 3716 2089 3774 enim
2117 3712 2333 3773 cauffam.

362 3808 376 3817 ·
441 3792 533 3864 ἐξ
555 3793 828 3871 3371qusz
860 3805 928 3870 ρ
958 3786 1191 3871 §afflata
1218 3791 1408 3872 qqolesti
1422 3790 1584 3870 sunt]
1625 3792 1944 3866 occupatio.
1976 3792 2094 3865 Alii
2116 3789 2208 3854 fint
2234 3791 2333 3855 fine

348 3868 420 3908 ·..;
1277 3869 1300 3876 “
2223 3879 2330 3927 ner·
