2514 4438
276 234 385 350 Q.
526 224 822 323 filiun.
872 224 1261 317 Misimia
1306 235 2117 321 Communi-anm&

277 364 419 432 natu
435 411 455 438 ,
492 384 611 444 quo
642 361 824 441 poss'et
854 361 1090 437 intelligi
1106 405 1125 431 ‚
1162 358 1532 438 probarentur
1560 376 1671 421 nec
1697 378 1773 421 ne
1786 370 1989 423 eorum
2001 358 2370 440 sententia&

278 447 386 531 qui
414 443 655 504 Afranio
689 442 799 500 δίε.
831 438 892 497 id
925 438 1003 498 est
1036 439 1193 498 enim·
1224 480 1245 510 ,
1274 437 1504 518 prfiqaa'
1525 437 1811 516 fintentias
1841 474 1865 510 ,·
1898 454 2020 500 non
2035 474 2066 511 ,‹
2082 438 2368 519 fingas-lai

282 520 513 583 munium
533 518 818 598 sententias
847 524 1035 592 ngare.
2005 584 2012 591 ι
2038 580 2075 595 1,
2315 588 2320 591 ,

357 598 590 673 Afranio
620 615 739 654 cum
770 615 799 651 e
832 608 922 650 ent
951 591 1133 672 affe‘nss
1207 588 1315 655 hos
1344 589 1563 653 necefl'e
1595 592 1675 654 est
1701 600 1825 654 non·
1851 581 2070 669 optim’e'
2101 585 2364 662 anima-

277 666 372 736 tos
398 675 459 735 in
489 690 670 760 remp.
768 672 779 682 ⁴
826 689 859 730 e
898 708 923 749 ‚‚
969 671 1071 748 qui
1286 670 1328 730 ii
1356 670 1690 759 sententiam
1721 688 1828 758 pro
1859 672 2074 732 ambitu
2104 670 2357 740 dictam

275 744 455 813 secuti
485 749 607 811 fint.
638 749 699 810 id
732 760 926 808 tamen
956 758 1353 822 argumentum
1385 746 1609 808 v1detur
1650 754 1858 809 mentis
1899 764 2025 825 *nou
2071 754 2357 816 omnino

276 829 531 910 peffimae
547 871 567 898 ,
604 825 764 905 quod
795 823 1163 895 addiderunt,·
1197 835 1266 883 ut
1291 835 1559 901 praetores
1589 826 1665 884 ita
1697 834 2014 905 crearentur
2047 841 2069 897 ,·
2103 838 2171 887 ut
2209 829 2355 893 dies

276 923 368 966 u.
404 904 609 985 privati
634 900 855 971 effent;
893 918 966 961 eo
999 902 1274 963 nimirum
1306 900 1536 961 confilio
1548 915 1586 973 ,··,
1621 910 1689 960 'ut
1717 901 1971 963 accusare
1994 904 2353 980 volentibus

277 1001 380 1044 eos
399 1027 417 1053 ‚
459 982 557 1060 qui
585 997 687 1058 per
716 980 994 1058 ambitum
1025 991 1295 1056 praetores
1329 979 1502 1039 creati
1533 975 1710 1039 effent
1741 1022 1760 1050 ,
1793 978 2037 1056 spatium
2069 980 2340 1046 daretur.

275 1074 414 1121 nam
433 1101 450 1129 ,
490 1059 531 1117 fi
560 1063 861 1134 praeturam
892 1057 1146 1134 protinus
1177 1051 1423 1115 iniiffent
1461 1076 1480 1126 ,’
1519 1054 1812 1116 accusandi
1841 1056 1998 1135 locus
2027 1075 2150 1120 non
2183 1062 2340 1121 fuis·

276 1137 375 1197 set.
409 1153 529 1197 non
565 1134 717 1193 enim
750 1152 849 1193 eos
879 1160 902 1202 ,·
940 1134 1040 1211 qui
1072 1130 1246 1192 effent
1278 1133 1340 1192 in
1370 1132 1688 1213 magistratu
1721 1150 1744 1202 ,‘
1778 1132 1980 1193 licebat
2016 1134 2333 1210 postulare.

274 1213 376 1274 sed
415 1212 663 1272 consules
706 1211 825 1271 hoc
854 1227 977 1283 non
996 1202 1170 1269 latuit
1201 1228 1220 1268 z
1274 1211 1465 1289 itaque
1494 1208 1749 1289 persequi
1779 1207 2074 1270 sententias
2104 1228 2332 1275 eorum

276 1291 597 1352 noluerunt.
628 1289 1009 1365 scriptumque
1039 1285 1118 1346 est
1143 1285 1282 1347 istud
1307 1288 1368 1346 in
1396 1285 1867 1351 senatusconsulto
1898 1303 1921 1356 ‚³
1954 1287 2116 1365 quod
2146 1290 2326 1368 supra

275 1367 567 1445 posuimus
583 1407 602 1435 ,
642 1368 757 1439 ›rob-5
782 1369 1058 1449 αἱρεθέντα
1089 1394 1124 1431 e
1181 1367 1378 1451 ,νηδὺς
1410 1368 1570 1437 ὠὟυς
1585 1367 1775 1451 ἔρχι-ιι.
1799 1377 1988 1442 neque
2006 1378 2147 1425 vero
2167 1369 2330 1447 quis-
2403 1434 2413 1445 ,

275 1464 451 1531 quam
500 1454 734 1513 miretur
766 1474 786 1520 ,·
840 1448 1032 1509 mense
1075 1447 1155 1508 Fe
1219 1472 1235 1505 .·
1268 1447 1341 1507 de
1371 1448 1619 1510 creandis
1648 1449 1980 1529 praetoribus‘
2010 1453 2100 1528 agi
2134 1495 2158 1523 ,
2256 1455 2323 1514 ui

276 1531 472 1591 mense
499 1528 775 1607 Quinetili
794 1568 813 1596 ,
853 1525 1051 1612 postve
1078 1524 1347 1611 designari
1370 1524 1523 1611 soliti
1554 1523 1910 1611 effemhan'r
1941 1521 2016 1587 ita
2029 1472 2319 1605 produ&

277 1608 512 1685 comitia
546 1614 701 1665 erant
720 1645 737 1672 ‚
778 1613 878 1671 ut,
918 1609 1047 1660 a'nni
1076 1614 1232 1677 parte
1253 1603 1378 1678 jam
1409 1601 1602 1662 exaeca
1621 1646 1640 1673 ,
1678 1620 1798 1681 quo
1831 1621 1982 1664 anno
2052 1606 2134 1666 eri
2164 1625 2318 1685 prae-⁴

274 1692 459 1742 turam
494 1676 823 1757 oportuisset
840 1720 857 1747 ‚
892 1689 1162 1754 praetores
1188 1689 1384 1737 tamen
1416 1681 1586 1739 creati
1601 1697 1734 1739 -non
1765 1680 1902 1740 dum
1937 1699 1969 1740 e
2014 1693 2110 1742 ent
2143 1701 2160 1741 t
2204 1685 2315 1745 ita‘·
2443 1682 2456 1693 '

273 1777 390 1838 que
421 1758 558 1817 dicit
573 1802 591 1829 ,
633 1764 982 1822 &carentum
1024 1770 1156 1813 cum
1187 1753 1510 1831 designandi
1537 1762 1761 1834 tempus
1791 1746 2019 1817 abiisset.

352 1837 476 1894 Dies
505 1834 624 1915 rx]
662 1832 703 1891 fi
735 1830 886 1897 recte
914 1843 1097 1910 atque,
1115 1831 1313 1891 ordine
1343 1843 1636 1921 ageretur,
1672 1850 1791 1893 non
1808 1830 1894 1892 ix.
1913 1832 2131 1895 tantum
2151 1835 2314 1908 die5,·

274 1912 379 1989 sedi
406 1912 621 1972 menses
654 1910 906 1997 quinque
942 1952 962 1979 ,
1018 1925 1206 1987 eoque
1234 1910 1471 1986 amplrus
1505 1952 1524 1980 ,
1561 1911 1806 1987 privatos
1841 1908 1949 1970 effe
1986 1914 2307 1989 oportebat.

260 1990 559 2067 ‘Quinctili
589 2006 743 2047 emm
775 1987 893 2045 fere
926 1985 1118 2044 mense
1147 1984 1568 2061 designabantur
1601 1987 1960 2063 magistratus.-
2225 2048 2232 2057 ,

352 2065 738 2150 Repudiarunt]
776 2062 1044 2121 Consules
1072 2062 1380 2139 Pompejus
1412 2065 1475 2122 &
1507 2060 1738 2130 Craffus.
1771 2065 1981 2123 nullam·
2012 2066 2167 2126 enim
2186 2067 2313 2144 ejus

276 2141 544 2202 videntur
572 2136 817 2200 habmffe
848 2139 1127 2199 rationem
1161 2166 1181 2209 ,-
1222 2155 1356 2199 cum
1388 2139 1920 2201 senatusconsultum
1949 2158 2053 2218 pro
2083 2143 2308 2205 ambitu

276 2221 550 2281 fecerunt.
579 2217 672 2280 vel
702 2217 890 2294 potius
906 2259 928 2288 ,
963 2216 1097 2296 quia
1126 2217 1345 2276 nomen
1377 2218 1494 2295 ejus
1512 2254 1534 2289 ‚-
1567 2221 1871 2295 praeturanr‘
1899 2218 2139 2297 petentis
2159 2263 2178 2291 ,
2217 2231 2310 2283 re-

278 2297 464 2374 cipere
494 2293 794 2356 noluissent
811 2295 1093 2371 :primum
1111 2335 1129 2364 ‚
1148 2293 1308 2373 quod
1335 2295 1424 2354 vir
1449 2296 1698 2372 optimus
1727 2296 1876 2357 Cato
1908 2298 2022 2357 hoc
2039 2296 2115 2356 est
2127 2297 2310 2358 Pom}

342 2373 390 2451 Ji
424 2373 707 2451 Craffique
736 2371 1003 2450 improbis
1035 2369 1328 2431 conatibus
1355 2369 1690 2433 adversarius
1707 2394 1726 2433 :
1763 2372 1968 2435 deinde
1982 2416 2001 2444 ,
2039 2374 2200 2454 quod
2231 2376 2310 2437 La

274 2390 546 2511 &omitio
575 2449 957 2510 Ahenobarbo
989 2448 1256 2509 affinitate
1286 2448 1579 2510 arffiffime
1610 2447 1958 2538 conjunctus.
1994 2452 2111 2528 ejus
2144 2452 2307 2513 enim

274 2526 528 2589 sororem
563 2572 583 2599 ,
661 2528 779 2588 uod
812 2544 882 2587 ex
905 2525 1202 2588 Plutarcho
1236 2525 1416 2604 liquet
1446 2572 1466 2599 ,
1503 2529 1794 2587 Dominus
1822 2526 2059 2588 habebat
2088 2529 2149 2587 in
2179 2546 2307 2588 ma-

272 2604 565 2667 trimonio.
704 2605 972 2668 om'itsum
1046 2621 1175 2664 orro
1210 2605 1498 2665 consulatu
1528 2605 1845 2682 dejecerant
1882 2636 1904 2676 ,-
1956 2620 2090 2686 cum
2121 2605 2312 2680 legin-⁸

275 2697 402 2743 mus
430 2685 549 2762 ejus
577 2682 713 2744 effet
741 2699 917 2745 annus
934 2723 953 2751 ,
1036 2682 1295 2759 ompejus
1326 2684 1389 2741 δε
1419 2680 1651 2743 Crassus,

725 2833 1853 2914 EXPLANATIO

554 2997 626 3086 E
721 3012 917 3088 ΡΙ
1013 3011 1062 3089 S
1160 3009 1238 3087 T
1333 3007 1410 3085 O
1506 3010 1582 3088 L
1674 3012 1779 3088 AE
1922 3012 2022 3097 X.

374 3151 618 3268 Iisdem
650 3171 1064 3266 consulibus.
1164 3235 1184 3259 .,

272 3359 407 3443 hg.
420 3364 514 3427 60.
553 3373 663 3468 IN
686 3364 800 3447 isto]
840 3365 1117 3443 scripserat
1149 3366 1430 3442 Quinctus
1465 3366 1537 3426 ad
1566 3367 1830 3425 Marcum
1852 3369 1882 3437 ',
1923 3366 2056 3427 ideo
2088 3366 2144 3428 se
2174 3373 2303 3429 nori

544 3461 547 3464 ’
609 3439 777 3501 exiffe
808 3457 941 3508 cum
972 3443 1125 3521 ipse,
1163 3461 1239 3502 ne
1270 3441 1498 3522 quando
1529 3460 1664 3502 eum
1697 3444 2083 3520 interpellaret.
2142 3445 2302 3505 Mar-³

277 3535 375 3579 cus
403 3520 513 3598 ita3
553 3516 611 3578 Si
643 3520 701 3578 in
734 3517 835 3577 isto
870 3517 1074 3589 effem,
1113 3519 1272 3598 quod
1299 3533 1364 3579 tu
1391 3519 1607 3589 scribis,
1645 3530 1710 3578 ut
1737 3531 1913 3580 turne
1968 3517 2301 3581 offesinter-

266 3596 481 3672 penate
511 3641 529 3667 ,
566 3608 632 3655 ut
660 3595 801 3655 mihi
833 3609 1111 3673 occupato
1141 3609 1269 3656 tuus
1296 3598 1639 3657 interventus
1671 3597 1785 3655 ullo
1817 3609 1917 3657 mo
1960 3616 1997 3657 o
2035 3595 2301 3657 molestus

276 3669 414 3732 css'et
446 3692 466 3735 t
500 3674 628 3733 sane
659 3717 678 3745 ,
716 3683 780 3731 ut
808 3673 913 3746 hac
942 3673 1189 3732 afficerer
1218 3675 1467 3734 molestia
1499 3718 1517 3744 ,
1555 3690 1870 3751 numquam
1899 3672 2198 3734 accideret.
2234 3686 2302 3732 tu

276 3748 431 3811 enim
449 3793 467 3820 ‚
545 3752 640 3820 u'i,
678 3749 815 3828 quid
845 3750 908 3809 fit
938 3750 1281 3827 interpellare,
1323 3751 1540 3827 optime
1567 3751 1714 3809 nosti
1739 3773 1757 3818 ;
1799 3751 1935 3810 nihil
1965 3749 2114 3811 aliud
2149 3792 2169 3822 ‚
2208 3751 2299 3810 in-

272 3840 447 3906 quam
480 3844 512 3888 e
555 3844 591 3887 e
605 3866 624 3898 ,
659 3842 834 3905 quam
863 3826 1253 3904 intempestive
1284 3828 1524 3887 aliorum
1557 3828 2017 3903 occupationibus
2049 3829 2300 3914 interve-

140 4101 273 4172 κ
