2514 4438
270 277 426 382 ‘316
637 266 1962 350 PAtz'n'iuCoinuNrAnms

271 391 346 452 iis
372 403 514 452 vero
540 389 756 469 popuro
788 386 1056 448 dividitur
1087 407 1103 447 ε
1158 385 1409 466 ideoque
1455 389 1876 466 conjunguntur
1905 390 1966 450 in
1998 387 2163 449 Orat.
2191 406 2306 466 pro

271 466 536 529 Plancio:
578 474 749 524 Unam
782 462 982 522 tribum
1010 463 1160 540 delige
1176 507 1195 535 ,
1230 465 1344 523 doce
1362 479 1454 544 per
1491 485 1642 547 quem
1666 463 1966 544 sequestrem
1984 508 2003 535 ‚
2040 486 2146 546 quo
2159 468 2302 526 divi-

258 543 377 623 fire
393 556 637 677 ww
656 540 750 621 fit.
783 541 849 600 δι
881 541 943 602 in
973 539 1172 601 eadem
1188 552 1384 602 antea:
1426 543 1732 623 sequestrem
1745 541 1901 620 fuiffl
1916 584 1936 613 ,
1963 543 2298 621 pronuncia]²

526 640 544 675 1
582 640 625 678 8.

258 631 323 698 ‘p
339 619 811 777 ’Auqlffrasimj
853 699 1055 775 utpote
1086 695 1285 764 minis:
1324 705 1389 755 ut
1416 695 1554 756 fecit
1574 694 1698 773 jam
1727 694 1789 755 in
1814 692 2057 755 secunde
2073 695 2135 754 in
2153 696 2303 756 Ver-

275 787 477 907 regne
509 849 655 906 nul&
677 849 812 925 fiat]
855 846 1110 907 coercitis
1138 846 1208 907 iis
1225 890 1244 918 ,
1281 865 1317 907 a
1345 846 1546 930 quibus
1579 847 1702 907 fieri
1732 844 1929 926 poffet.

273 945 284 950 ·
347 932 471 984 Ant
501 926 630 983 nibil
658 923 865 996 valeat]
909 922 1126 983 etiamst
1152 924 1285 992 fiat;
1326 940 1457 983 eum
1488 926 1609 1002 plus
1638 926 1847 1002 poterit
1874 922 2119 982 studium
2153 925 2303 984 ami-

269 1016 471 1062 corum
488 1042 508 1072 ,
545 1012 607 1061 ut
636 1001 696 1060 in
726 1001 1004 1061 aedilitatis
1034 1000 1313 1075 petitione
1342 1001 1542 1061 itidem
1576 1000 1811 1060 accidit:
1828 1017 1964 1059 nam
1998 1017 2301 1078 oppugna·

266 1088 358 1137 tus
384 1078 860 1211 pecuuiisVVerris
892 1119 911 1147 ,
963 1093 1084 1135 non
1116 1088 1311 1138 tamen
1344 1076 1511 1154 dejici
1538 1076 1806 1138 aedilitate
1835 1076 2025 1154 potuit
2056 1096 2072 1136 ε
2130 1089 2198 1136 ut
2238 1079 2302 1139 iu

269 1171 323 1213 ι..
358 1164 498 1213 orat.
529 1172 589 1214 in
676 1171 777 1212 err.

344 1240 460 1288 Hae
510 1235 639 1309 unt]
695 1230 929 1292 clausula
962 1230 1146 1307 operis
1177 1251 1197 1298 3
1252 1229 1313 1289 in
1345 1247 1456 1309 qua
1491 1272 1512 1301 ,
1548 1240 1615 1289 ut
1646 1241 1896 1290 extrema
1927 1245 2063 1288 cum
2095 1230 2296 1306 primis

266 1322 455 1367 conne
545 1317 569 1364 t
602 1349 620 1378 ‚
674 1307 916 1368 breviter
946 1306 1150 1383 repetit
1181 1305 1435 1366 caufl'am‘
1454 1347 1474 1378 ,
1532 1324 1631 1366 cur
1660 1308 1716 1366 se
1745 1306 1817 1366 ad
1845 1306 1973 1364 haec
2003 1305 2290 1366 scribenda

267 1384 605 1443 nccin‘xerit:
643 1382 821 1460 ipsum
868 1401 939 1442 ue
972 1400 1011 1442 o
1052 1402 1112 1443 us
1143 1401 1176 1442 a
1207 1383 1297 1441 M.
1330 1385 1612 1444 Cicerone
1642 1382 1720 1445 ita
1754 1382 1956 1458 corrigi
1985 1384 2130 1458 petit
2163 1424 2184 1454 ,
2225 1394 2294 1443 ut

245 1460 407 1530 *nihil
439 1461 680 1519 omnino
716 1461 770 1519 ei
798 1478 830 1519 a
898 1477 997 1537 per
1023 1459 1312 1519 efflonem
1346 1459 1501 1520 defit.

346 1545 463 1595 Hac
479 1537 643 1617 sunt]
682 1536 987 1596 delectatur
999 1534 1320 1614 hujusmodi
1354 1535 1598 1596 clausulis
1616 1535 1675 1596 in
1693 1534 1807 1595 fine
1820 1537 2094 1596 librorum
2114 1536 2293 1596 etiam

266 1611 356 1670 M.
387 1612 544 1674 Tull.
573 1624 638 1671 ut
667 1614 726 1670 in
801 1656 814 1670 .
849 1613 920 1672 de
953 1623 1065 1671 nat.
1100 1612 1340 1672 deorum
1377 1632 1392 1671 ε
1433 1613 1582 1671 Haec
1611 1614 1730 1672 fere
1761 1612 1946 1673 dicere
1976 1614 2188 1682 habui,
2229 1615 2291 1672 &

265 1688 327 1748 in
359 1688 450 1747 lib.
483 1687 556 1747 de
588 1688 731 1749 Sene
838 1690 900 1748 ὃς
932 1688 1212 1757 amicitia,
1250 1702 1359 1747 nec
1388 1706 1509 1748 non
1538 1690 1597 1747 in
1632 1689 1877 1749 Oratore
1906 1689 1980 1750 ad
2007 1689 2286 1749 Bramme

265 1765 635 1844 pulcherrima
666 1783 807 1824 vero
840 1765 930 1825 illa
964 1765 1023 1825 in
1053 1781 1105 1842 3.
1135 1763 1233 1823 off.
1273 1763 1441 1822 Habes
1469 1785 1504 1821 a
1513 1777 1664 1841 patre
1693 1784 1886 1824 munus
1903 1809 1921 1836 ,
1964 1773 2149 1823 Marce
2172 1763 2283 1838 fliz

346 1843 442 1901 His
475 1842 579 1900 tuis
607 1841 1026 1930 occupationibus]
1083 1839 1124 1899 fi
1153 1839 1225 1900 ad
1237 1840 1638 1976 ‘praescripturn
1668 1842 2174 1916 grammaticorum
2205 1841 2286 1900 lo-

267 1919 566 1996 quendum
599 1916 730 1979 effet
751 1962 768 1988 ,
808 1919 910 1992 ustis
940 1933 1042 1976 ms
1071 1916 1235 1976 dicen
1278 1935 1377 1976 um
1413 1918 1564 1976 foret
1577 1941 1597 1984 ;
1637 1917 1795 1995 quod
1825 1918 1907 1975 hic
1937 1918 2012 1977 ad
2042 1919 2289 1993 primam

315 1997 566 2056 ersonam
588 2036 606 2065 ‚
644 1996 728 2068 iste
750 1994 821 2054 ad
850 1992 1147 2054 secundam
1182 1993 1375 2053 referri
1402 1993 1678 2052 doceant:
1720 1993 1814 2054 sed
1846 1994 2014 2070 pluris
2048 1993 2160 2052 effe
2193 1993 2293 2052 de-

270 2010 770 2206 }fflrfze
795 2070 1145 2224 W...
1158 2069 1675 2223 qma?
1695 2069 2011 2206 ἔξω
2030 2071 2294 2206 Tzffi

272 2222 429 2282 volo.
463 2224 525 2281 δε
557 2223 761 2280 Cicero
794 2223 853 2281 in
887 2223 1035 2296 epist.
1065 2222 1155 2279 lib.
1231 2265 1244 2278 .
1278 2225 1414 2280 firm.
1492 2230 1540 2279 E
1575 2223 1743 2281 uidem
1775 2224 1862 2283 hos
1893 2238 2005 2281 tuos
2041 2222 2292 2297 Tuscula-

272 2296 582 2434 nergis'dies.
615 2299 706 2357 &z
746 2296 825 2355 his
856 2298 958 2354 tuis
971 2297 1138 2368 fabiis
1155 2242 1234 2372 siz
1260 2296 1486 2372 incensus
1537 2317 1646 2358 um.
1683 2300 1758 2359 Et
1786 2300 1878 2360 hic
1891 2299 2075 2359 noster
2085 2299 2286 2357 Paullo

270 2394 354 2452 po
413 2398 433 2444 3
474 2376 571 2434 Ad
600 2373 735 2432 hanc
767 2391 919 2433 tuam
943 2373 1250 2451 petitionem.
1326 2373 1400 2431 Et
1428 2372 1587 2449 supra
1607 2416 1625 2444 ‚
1667 2376 1758 2434 hoc
1786 2391 1874 2434 tuo
1907 2389 2131 2454 tempore.
2181 2382 2287 2431 Oc-

272 2453 556 2539 cupatique
588 2469 728 2588 ζξῐο
760 2450 1016 2526 intelligit
1045 2447 1350 2511 causshrum
1366 2448 1718 2512 defenfiones
1735 2494 1754 2522 ,
1792 2452 1992 2531 quibus
2008 2453 2126 2512 fere
2141 2449 2292 2511 sem-

344 2545 373 2588 r
401 2528 558 2588 distm'
560 2546 593 2588 e
662 2538 768 2587 tur.

267 2545 524 2667 peUnum
555 2605 613 2664 in
638 2604 801 2664 locum
868 2606 928 2662 in
957 2602 1234 2680 principio
1263 2601 1477 2664 dixerat
1491 2625 1511 2673 ς
1539 2604 1643 2681 sub
1672 2624 1776 2663 uno
1801 2604 2292 2683 adspec‘luponeren·

269 2696 381 2816 ἶνιν.
457 2683 532 2742 Et
561 2682 621 2742 in
650 2681 741 2741 lib.
813 2697 844 2738 e
876 2679 1030 2740 claris
1060 2680 1367 2741 oratoribus
1397 2722 1417 2751 ‚
1472 2700 1574 2739 uno
1619 2681 1678 2738 in
1708 2682 1960 2759 conspeetu
1992 2681 2171 2739 omnia
2205 2682 2291 2739 vi·

360 2779 456 2817 em.
1504 2808 1514 2819 .

346 2835 620 2912 Pag.235.
659 2836 787 2909 Qae
802 2847 980 2891 tamen
996 2830 1113 2913 etsi]
1154 2834 1230 2893 ita
1259 2832 1558 2909 legendum
1595 2834 1767 2911 aliqui
1796 2834 2114 2894 affirmant:
2154 2828 2287 2892 licet

268 2908 454 2986 scripti
483 2910 721 2969 habeant
748 2910 956 2984 tametst
984 2909 1368 2969 contractum:
1408 2910 1501 2969 alii
1531 2910 1700 2971 etia‘m
1720 2912 1988 2970 omittunt
2003 2908 2140 2970 illud
2156 2909 2254 2987 etſs
2265 2931 2284 2976 ;

310 3002 516 3045 uorum
549 2985 900 3061 opinionon
929 2986 1127 3061 placet.
1204 2993 1400 3045 Tamen
1444 2984 1540 3065 etss
1581 2985 1814 3048 habetur
1861 2989 2031 3047 etiam
2064 3004 2156 3063 ep.
2189 2988 2290 3049 ult.

261 3003 358 3125 flb-
388 3080 440 3135 4
470 3062 606 3123 fam.
637 3061 699 3122 δε
731 3079 819 3139 ep.
857 3076 941 3133 17.
971 3061 1061 3121 lib.
1089 3080 1142 3137 ς.
1176 3061 1247 3122 ad
1283 3064 1406 3122 Att.
1998 3134 2003 3135 γ
2314 3096 2317 3099 1

347 3146 416 3198 Ut
449 3156 552 3198 non
581 3137 657 3196 ad
683 3157 852 3198 omnes
870 3179 888 3207 ,
927 3139 1016 3217 qui
1033 3135 1276 3218 honores]
1317 3156 1506 3216 neque
1540 3140 1694 3200 enirn
1729 3157 1928 3200 omnes
1953 3139 2077 3199 sunt
2091 3140 2290 3199 homi-

267 3231 370 3279 nes
401 3217 543 3275 novi
577 3226 673 3275 aut
706 3217 1009 3284 OratoreS,
1049 3226 1113 3275 ut
1144 3216 1229 3273 M.
1264 3215 1471 3287 Cicero
1505 3233 1520 3272 t
1562 3233 1748 3293 neque
1780 3234 1980 3277 omnes
2011 3217 2151 3277 tales
2183 3217 2289 3276 ha-

269 3291 405 3354 bent
436 3292 837 3366 competitores
856 3332 874 3359 ,
912 3291 1100 3369 quales
1133 3291 1375 3351 Cicero:
1412 3291 1550 3351 ideo
1582 3293 1653 3349 ad
1685 3307 1733 3349 te
1753 3294 1946 3370 proprie
1973 3291 2128 3352 dicit.
2317 3296 2323 3305 '

349 3375 542 3427 Tamen
573 3382 669 3437 tu,
697 3366 752 3443 fi
779 3367 904 3446 quid
933 3368 1279 3446 mutandum]
1318 3366 1417 3427 ets1
1445 3385 1565 3427 non
1601 3385 1802 3429 omnes
1834 3388 1906 3428 eo
1939 3369 2063 3428 sunt
2095 3368 2287 3442 usuri,

269 3444 411 3503 volo
438 3454 631 3503 tamen
660 3444 718 3503 id
753 3444 1013 3503 omnibus
1047 3444 1268 3519 probari
1299 3466 1318 3511 ;
1361 3442 1609 3521 ideoque
1628 3447 1804 3504 'omni
1833 3446 2050 3507 ratione
2083 3462 2284 3505 emen-

272 3520 406 3579 dari.
446 3520 836 3580 Emendatoris
867 3530 1057 3578 autem
1091 3520 1289 3595 triplex
1323 3520 1399 3578 est
1431 3537 1669 3590 munuS,
1709 3533 1771 3579 ut
1803 3522 2076 3597 Quinctil.
2112 3522 2279 3581 docet

263 3595 361 3659 lib.
402 3615 489 3663 10,
522 3614 639 3671 cap.
670 3615 726 3667 4,
760 3596 1003 3672 adjicere,
1040 3595 1334 3665 detrahere,
1371 3611 1576 3654 mutare
1611 3615 1626 3654 ε
1668 3613 1877 3656 mutare
1905 3599 2066 3676 quod
2096 3601 2282 3658 minus

270 3671 502 3741 deceat,
540 3671 800 3729 detrahere
830 3670 985 3749 quod
1017 3673 1485 3747 supervacaneum
1519 3671 1621 3737 fit,
1661 3665 1895 3734 demum
1929 3675 2111 3733 addere
2126 3674 2286 3752 quod

268 3747 535 3806 omissum
567 3747 836 3806 videatur.
914 3749 1065 3822 Quae
1100 3749 1295 3806 omnia
1323 3761 1513 3824 aperte
1556 3749 1651 3807 hic
1682 3751 1864 3810 habes.
1945 3752 2288 3826 Tanguntur

266 3824 438 3882 etiam
470 3842 501 3885 a
529 3824 613 3881 M.
648 3824 844 3881 Tullio
865 3865 886 3908 ⁹.
922 3823 980 3880 in
1018 3840 1068 3898 3.
1100 3822 1172 3881 de
1204 3836 1343 3882 orat.
1378 3841 1509 3886 cum
1543 3823 1678 3885 dicit
1706 3868 1726 3898 ,
1764 3826 2041 3908 quidquid
2074 3839 2175 3889 aut
2191 3828 2289 3887 ad·

252 3899 454 3965 dideris
485 3910 580 3959 aut
611 3911 914 3961 mutaveris
943 3910 1038 3959 aut
1071 3899 1384 3963 detraxeris.
1834 3914 1839 3925 “
2202 3911 2295 3963 Ve-
