<?xml version="1.0" encoding="UTF-8"?>
<!DOCTYPE html PUBLIC "-//W3C//DTD XHTML 1.0 Transitional//EN"
    "http://www.w3.org/TR/xhtml1/DTD/xhtml1-transitional.dtd">
<html xmlns="http://www.w3.org/1999/xhtml" xml:lang="en" lang="en">
 <head>
  <title>
</title>
<meta http-equiv="Content-Type" content="text/html;charset=utf-8" />
  <meta name='ocr-system' content='tesseract 3.04.00' />
  <meta name='ocr-capabilities' content='ocr_page ocr_carea ocr_par ocr_line ocrx_word'/>
</head>
<body>
  <div class='ocr_page' id='page_1' title='image "./epistolarumadqu00cicegoog_0540.png"; bbox 0 0 2514 4438; ppageno 0'>
   <div class='ocr_carea' id='block_1_1' title="bbox 349 264 2121 374">
    <p class='ocr_par' dir='ltr' id='par_1_1' title="bbox 349 264 2121 374">
     <span class='ocr_line' id='line_1_1' title="bbox 349 264 2121 374; baseline -0.004 -31"><span class='ocrx_word' id='word_1_1' title='bbox 349 289 491 374; x_wconf 77' lang='lat'><em>310</em></span> <span class='ocrx_word' id='word_1_2' title='bbox 714 267 1184 343; x_wconf 59' lang='lat' dir='ltr'><em>Pusam</em></span> <span class='ocrx_word' id='word_1_3' title='bbox 1232 264 2021 358; x_wconf 66' lang='lat' dir='ltr'><em>Coniunx-ratum</em></span> <span class='ocrx_word' id='word_1_4' title='bbox 2112 305 2121 310; x_wconf 98' lang='lat'><em>-</em></span> 
     </span>
    </p>
   </div>
   <div class='ocr_carea' id='block_1_2' title="bbox 275 373 2372 3839">
    <p class='ocr_par' dir='ltr' id='par_1_2' title="bbox 286 373 2371 3372">
     <span class='ocr_line' id='line_1_2' title="bbox 341 373 2359 459; baseline -0.006 -12"><span class='ocrx_word' id='word_1_5' title='bbox 341 383 485 447; x_wconf 79' lang='lat' dir='ltr'><em>dum</em></span> <span class='ocrx_word' id='word_1_6' title='bbox 520 373 718 446; x_wconf 70' lang='lat' dir='ltr'><em>censet.</em></span> <span class='ocrx_word' id='word_1_7' title='bbox 794 379 954 459; x_wconf 88' lang='lat' dir='ltr'><strong>Quid</strong></span> <span class='ocrx_word' id='word_1_8' title='bbox 974 422 991 449; x_wconf 89' lang='lat'>,</span> <span class='ocrx_word' id='word_1_9' title='bbox 1028 378 1070 438; x_wconf 88' lang='lat' dir='ltr'>fi</span> <span class='ocrx_word' id='word_1_10' title='bbox 1097 379 1283 440; x_wconf 88' lang='lat' dir='ltr'><em>sermo</em></span> <span class='ocrx_word' id='word_1_11' title='bbox 1317 379 1381 437; x_wconf 77' lang='lat' dir='ltr'><em>sit</em></span> <span class='ocrx_word' id='word_1_12' title='bbox 1410 379 1714 455; x_wconf 78' lang='lat' dir='ltr'><em>figuratus?</em></span> <span class='ocrx_word' id='word_1_13' title='bbox 1751 391 1814 438; x_wconf 87' lang='lat' dir='ltr'><em>ut</em></span> <span class='ocrx_word' id='word_1_14' title='bbox 1827 377 1963 439; x_wconf 88' lang='lat' dir='ltr'><em>illud</em></span> <span class='ocrx_word' id='word_1_15' title='bbox 1978 377 2204 455; x_wconf 80' lang='lat' dir='ltr'>Virgilii</span> <span class='ocrx_word' id='word_1_16' title='bbox 2225 395 2242 437; x_wconf 71' lang='grc' dir='ltr'><em>ε</em></span> <span class='ocrx_word' id='word_1_17' title='bbox 2262 385 2359 436; x_wconf 78' lang='lat' dir='ltr'><em>Ur·</em></span> 
     </span>
     <span class='ocr_line' id='line_1_3' title="bbox 340 455 2361 550; baseline -0.005 -27"><span class='ocrx_word' id='word_1_18' title='bbox 340 460 457 523; x_wconf 69' lang='lat' dir='ltr'><em>bem</em></span> <span class='ocrx_word' id='word_1_19' title='bbox 475 506 495 534; x_wconf 86' lang='lat'><strong>,</strong></span> <span class='ocrx_word' id='word_1_20' title='bbox 531 482 692 550; x_wconf 79' lang='lat' dir='ltr'><em>qnam</em></span> <span class='ocrx_word' id='word_1_21' title='bbox 712 461 924 534; x_wconf 81' lang='lat' dir='ltr'><em>statuo,</em></span> <span class='ocrx_word' id='word_1_22' title='bbox 962 455 1133 528; x_wconf 78' lang='lat' dir='ltr'><em>vestra</em></span> <span class='ocrx_word' id='word_1_23' title='bbox 1164 456 1260 530; x_wconf 84' lang='lat' dir='ltr'><em>est:</em></span> <span class='ocrx_word' id='word_1_24' title='bbox 1304 456 1365 514; x_wconf 85' lang='lat'>&amp;</span> <span class='ocrx_word' id='word_1_25' title='bbox 1394 456 1529 515; x_wconf 89' lang='lat' dir='ltr'><em>illud</em></span> <span class='ocrx_word' id='word_1_26' title='bbox 1558 455 1768 516; x_wconf 87' lang='lat' dir='ltr'><em>Plauti:</em></span> <span class='ocrx_word' id='word_1_27' title='bbox 1812 465 2137 515; x_wconf 82' lang='lat' dir='ltr'><em>Naucratem</em></span> <span class='ocrx_word' id='word_1_28' title='bbox 2155 498 2173 525; x_wconf 89' lang='lat'>‚</span> <span class='ocrx_word' id='word_1_29' title='bbox 2211 475 2361 533; x_wconf 80' lang='lat' dir='ltr'><em>quem</em></span> 
     </span>
     <span class='ocr_line' id='line_1_4' title="bbox 335 532 2363 617; baseline -0.006 -17"><span class='ocrx_word' id='word_1_30' title='bbox 335 559 609 601; x_wconf 74' lang='lat' dir='ltr'><em>conventre</em></span> <span class='ocrx_word' id='word_1_31' title='bbox 636 536 815 605; x_wconf 79' lang='lat' dir='ltr'><em>volui,</em></span> <span class='ocrx_word' id='word_1_32' title='bbox 851 536 910 592; x_wconf 80' lang='lat' dir='ltr'><em>in</em></span> <span class='ocrx_word' id='word_1_33' title='bbox 942 533 1073 593; x_wconf 78' lang='lat' dir='ltr'><em>navi</em></span> <span class='ocrx_word' id='word_1_34' title='bbox 1107 552 1208 589; x_wconf 87' lang='lat' dir='ltr'><em>non</em></span> <span class='ocrx_word' id='word_1_35' title='bbox 1235 549 1383 592; x_wconf 78' lang='lat' dir='ltr'><em>eratz</em></span> <span class='ocrx_word' id='word_1_36' title='bbox 1425 535 1485 593; x_wconf 90' lang='lat'>&amp;</span> <span class='ocrx_word' id='word_1_37' title='bbox 1502 533 1793 594; x_wconf 86' lang='lat' dir='ltr'><strong>Terentii:</strong></span> <span class='ocrx_word' id='word_1_38' title='bbox 1835 532 2153 590; x_wconf 73' lang='lat' dir='ltr'><em>Eunuchum</em></span> <span class='ocrx_word' id='word_1_39' title='bbox 2172 575 2190 600; x_wconf 88' lang='lat'>‚</span> <span class='ocrx_word' id='word_1_40' title='bbox 2207 551 2363 617; x_wconf 77' lang='lat' dir='ltr'><em>quem</em></span> 
     </span>
     <span class='ocr_line' id='line_1_5' title="bbox 341 607 2361 691; baseline -0.004 -17"><span class='ocrx_word' id='word_1_41' title='bbox 341 616 516 690; x_wconf 75' lang='lat' dir='ltr'><em>dedtsst&#39;</em></span> <span class='ocrx_word' id='word_1_42' title='bbox 545 615 719 683; x_wconf 75' lang='lat' dir='ltr'><em>nobis,</em></span> <span class='ocrx_word' id='word_1_43' title='bbox 756 632 889 691; x_wconf 79' lang='lat' dir='ltr'><em>quas</em></span> <span class='ocrx_word' id='word_1_44' title='bbox 918 608 1100 668; x_wconf 81' lang='lat' dir='ltr'><em>turbas</em></span> <span class='ocrx_word' id='word_1_45' title='bbox 1127 609 1310 668; x_wconf 82' lang='lat' dir='ltr'><em>dedit?</em></span> <span class='ocrx_word' id='word_1_46' title='bbox 1350 611 1411 670; x_wconf 70' lang='grc' dir='ltr'><em>ὅ(</em></span> <span class='ocrx_word' id='word_1_47' title='bbox 1440 609 1599 689; x_wconf 88' lang='lat' dir='ltr'><em>quod</em></span> <span class='ocrx_word' id='word_1_48' title='bbox 1627 611 1906 687; x_wconf 83' lang='lat' dir='ltr'><em>profertur</em></span> <span class='ocrx_word' id='word_1_49' title='bbox 1935 618 2005 669; x_wconf 68' lang='lat' dir='ltr'><em>ex</em></span> <span class='ocrx_word' id='word_1_50' title='bbox 2023 627 2111 684; x_wconf 91' lang='lat' dir='ltr'><em>ep.</em></span> <span class='ocrx_word' id='word_1_51' title='bbox 2133 609 2284 685; x_wconf 85' lang='lat' dir='ltr'><em>3.hb.</em></span> <span class='ocrx_word' id='word_1_52' title='bbox 2300 607 2361 666; x_wconf 89' lang='lat'><em>6.</em></span> 
     </span>
     <span class='ocr_line' id='line_1_6' title="bbox 344 686 2365 818; baseline -0.006 -66"><span class='ocrx_word' id='word_1_53' title='bbox 344 692 417 752; x_wconf 83' lang='lat' dir='ltr'><em>ad</em></span> <span class='ocrx_word' id='word_1_54' title='bbox 451 695 571 751; x_wconf 89' lang='lat' dir='ltr'><em>Att.</em></span> <span class='ocrx_word' id='word_1_55' title='bbox 605 702 669 750; x_wconf 89' lang='lat' dir='ltr'><em>ut</em></span> <span class='ocrx_word' id='word_1_56' title='bbox 702 689 777 749; x_wconf 88' lang='lat' dir='ltr'><em>est</em></span> <span class='ocrx_word' id='word_1_57' title='bbox 808 691 976 748; x_wconf 86' lang='lat' dir='ltr'><em>etiarn</em></span> <span class='ocrx_word' id='word_1_58' title='bbox 1011 686 1068 744; x_wconf 91' lang='lat' dir='ltr'><em>in</em></span> <span class='ocrx_word' id='word_1_59' title='bbox 1101 703 1237 746; x_wconf 90' lang='lat' dir='ltr'><em>meo</em></span> <span class='ocrx_word' id='word_1_60' title='bbox 1270 686 1506 761; x_wconf 83' lang='lat' dir='ltr'><em>scripto:</em></span> <span class='ocrx_word' id='word_1_61' title='bbox 1548 688 1774 766; x_wconf 77' lang='lat' dir='ltr'><em>Scaptius</em></span> <span class='ocrx_word' id='word_1_62' title='bbox 1794 727 1811 755; x_wconf 92' lang='lat'>,</span> <span class='ocrx_word' id='word_1_63' title='bbox 1849 687 1939 818; x_wconf 54' lang='lat' dir='ltr'><em>fui</em></span> <span class='ocrx_word' id='word_1_64' title='bbox 1953 686 2069 759; x_wconf 74' lang='lat' dir='ltr'><em>fuit</em></span> <span class='ocrx_word' id='word_1_65' title='bbox 2088 686 2146 742; x_wconf 84' lang='lat' dir='ltr'><em>in</em></span> <span class='ocrx_word' id='word_1_66' title='bbox 2164 692 2365 762; x_wconf 74' lang='lat' dir='ltr'><em>Cappa-</em></span> 
     </span>
     <span class='ocr_line' id='line_1_7' title="bbox 340 761 2359 845; baseline -0.003 -20"><span class='ocrx_word' id='word_1_67' title='bbox 340 768 484 825; x_wconf 79' lang='lat' dir='ltr'><em>doa‘a</em></span> <span class='ocrx_word' id='word_1_68' title='bbox 503 812 521 839; x_wconf 89' lang='lat'>‚</span> <span class='ocrx_word' id='word_1_69' title='bbox 548 781 679 845; x_wconf 79' lang='lat' dir='ltr'><em>puto</em></span> <span class='ocrx_word' id='word_1_70' title='bbox 709 766 794 842; x_wconf 73' lang='lat' dir='ltr'><em>effe</em></span> <span class='ocrx_word' id='word_1_71' title='bbox 811 764 1158 841; x_wconf 61' lang='lat' dir='ltr'><em>satisfactum.</em></span> <span class='ocrx_word' id='word_1_72' title='bbox 1199 761 1275 821; x_wconf 91' lang='lat' dir='ltr'><em>fic</em></span> <span class='ocrx_word' id='word_1_73' title='bbox 1305 762 1367 822; x_wconf 89' lang='lat'>&amp;</span> <span class='ocrx_word' id='word_1_74' title='bbox 1397 763 1511 821; x_wconf 89' lang='lat' dir='ltr'><em>hoc</em></span> <span class='ocrx_word' id='word_1_75' title='bbox 1537 764 1700 823; x_wconf 85' lang='lat' dir='ltr'><em>loco:</em></span> <span class='ocrx_word' id='word_1_76' title='bbox 1741 771 1849 820; x_wconf 83' lang='lat' dir='ltr'><em>Mu</em></span> <span class='ocrx_word' id='word_1_77' title='bbox 1868 762 2144 821; x_wconf 76' lang='lat' dir='ltr'><em>titudinem</em></span> <span class='ocrx_word' id='word_1_78' title='bbox 2161 780 2234 822; x_wconf 67' lang='grc' dir='ltr'><em>ω’</em></span> <span class='ocrx_word' id='word_1_79' title='bbox 2254 763 2359 834; x_wconf 74' lang='lat' dir='ltr'><em>sta-</em></span> 
     </span>
     <span class='ocr_line' id='line_1_8' title="bbox 342 836 2361 926; baseline -0.004 -23"><span class='ocrx_word' id='word_1_80' title='bbox 342 846 433 904; x_wconf 77' lang='lat' dir='ltr'><em>dia</em></span> <span class='ocrx_word' id='word_1_81' title='bbox 464 866 570 926; x_wconf 74' lang='lat' dir='ltr'><em>que</em></span> <span class='ocrx_word' id='word_1_82' title='bbox 599 844 808 920; x_wconf 82' lang='lat' dir='ltr'><em>adeptus</em></span> <span class='ocrx_word' id='word_1_83' title='bbox 834 862 898 899; x_wconf 81' lang='lat' dir='ltr'><em>es.</em></span> <span class='ocrx_word' id='word_1_84' title='bbox 978 841 1260 915; x_wconf 87' lang='lat' dir='ltr'><em>Quamvis</em></span> <span class='ocrx_word' id='word_1_85' title='bbox 1296 840 1521 899; x_wconf 90' lang='lat' dir='ltr'><em>mollior</em></span> <span class='ocrx_word' id='word_1_86' title='bbox 1549 838 1682 900; x_wconf 88' lang='lat' dir='ltr'><em>esset</em></span> <span class='ocrx_word' id='word_1_87' title='bbox 1715 840 1896 899; x_wconf 90' lang='lat' dir='ltr'><em>oratio</em></span> <span class='ocrx_word' id='word_1_88' title='bbox 1916 882 1933 908; x_wconf 92' lang='lat'>,</span> <span class='ocrx_word' id='word_1_89' title='bbox 1973 838 2198 900; x_wconf 88' lang='lat' dir='ltr'><em>inverso</em></span> <span class='ocrx_word' id='word_1_90' title='bbox 2217 836 2361 896; x_wconf 87' lang='lat' dir='ltr'><em>ordi-</em></span> 
     </span>
     <span class='ocr_line' id='line_1_9' title="bbox 341 914 2359 997; baseline -0.005 -16"><span class='ocrx_word' id='word_1_91' title='bbox 341 939 452 981; x_wconf 86' lang='lat' dir='ltr'><em>ne:</em></span> <span class='ocrx_word' id='word_1_92' title='bbox 495 926 621 997; x_wconf 70' lang='lat' dir='ltr'><em>Qa</em></span> <span class='ocrx_word' id='word_1_93' title='bbox 649 921 858 996; x_wconf 81' lang='lat' dir='ltr'><em>adeptus</em></span> <span class='ocrx_word' id='word_1_94' title='bbox 886 937 935 975; x_wconf 76' lang='lat' dir='ltr'><em>es</em></span> <span class='ocrx_word' id='word_1_95' title='bbox 962 917 1020 975; x_wconf 79' lang='lat' dir='ltr'><em>t‘n</em></span> <span class='ocrx_word' id='word_1_96' title='bbox 1052 916 1280 994; x_wconf 83' lang='lat' dir='ltr'><em>Pompeio</em></span> <span class='ocrx_word' id='word_1_97' title='bbox 1312 917 1541 974; x_wconf 83' lang='lat' dir='ltr'><em>ornando</em></span> <span class='ocrx_word' id='word_1_98' title='bbox 1558 959 1577 989; x_wconf 87' lang='lat'>,</span> <span class='ocrx_word' id='word_1_99' title='bbox 1614 916 1999 975; x_wconf 74' lang='lat' dir='ltr'><em>multitudinem</em></span> <span class='ocrx_word' id='word_1_100' title='bbox 2016 914 2288 972; x_wconf 80' lang='lat' dir='ltr'><em>urbanam</em></span> <span class='ocrx_word' id='word_1_101' title='bbox 2301 929 2359 977; x_wconf 78' lang='lat'><em>(2¹</em></span> 
     </span>
     <span class='ocr_line' id='line_1_10' title="bbox 332 993 1873 1076; baseline -0.007 -20"><span class='ocrx_word' id='word_1_102' title='bbox 332 1000 513 1076; x_wconf 68' lang='lat' dir='ltr'><em>studia</em></span> <span class='ocrx_word' id='word_1_103' title='bbox 533 1041 551 1066; x_wconf 87' lang='lat'>‚</span> <span class='ocrx_word' id='word_1_104' title='bbox 586 995 861 1055; x_wconf 80' lang='lat' dir='ltr'><em>excitanda</em></span> <span class='ocrx_word' id='word_1_105' title='bbox 883 993 1034 1068; x_wconf 78' lang='lat' dir='ltr'><em>sunt.</em></span> <span class='ocrx_word' id='word_1_106' title='bbox 1868 1009 1873 1020; x_wconf 72' lang='lat'>⁴</span> 
     </span>
     <span class='ocr_line' id='line_1_11' title="bbox 423 1065 2360 1151; baseline -0.002 -22"><span class='ocrx_word' id='word_1_107' title='bbox 423 1079 552 1151; x_wconf 62' lang='lat' dir='ltr'><em>Qu</em></span> <span class='ocrx_word' id='word_1_108' title='bbox 580 1073 750 1129; x_wconf 86' lang='lat' dir='ltr'><em>adhuc</em></span> <span class='ocrx_word' id='word_1_109' title='bbox 781 1091 926 1129; x_wconf 83' lang='lat' dir='ltr'><em>nemo</em></span> <span class='ocrx_word' id='word_1_110' title='bbox 956 1068 1167 1150; x_wconf 76' lang='lat' dir='ltr'><em>babuit]</em></span> <span class='ocrx_word' id='word_1_111' title='bbox 1210 1087 1347 1145; x_wconf 85' lang='lat' dir='ltr'><em>ergo</em></span> <span class='ocrx_word' id='word_1_112' title='bbox 1377 1081 1537 1130; x_wconf 84' lang='lat' dir='ltr'><em>tanto</em></span> <span class='ocrx_word' id='word_1_113' title='bbox 1570 1070 1745 1146; x_wconf 86' lang='lat' dir='ltr'><em>magis</em></span> <span class='ocrx_word' id='word_1_114' title='bbox 1774 1087 1877 1146; x_wconf 89' lang='lat' dir='ltr'><em>pro</em></span> <span class='ocrx_word' id='word_1_115' title='bbox 1897 1070 1960 1129; x_wconf 90' lang='lat' dir='ltr'><em>iis</em></span> <span class='ocrx_word' id='word_1_116' title='bbox 1974 1065 2360 1128; x_wconf 85' lang='lat' dir='ltr'><em>laborandum.</em></span> 
     </span>
     <span class='ocr_line' id='line_1_12' title="bbox 423 1145 2362 1228; baseline -0.004 -18"><span class='ocrx_word' id='word_1_117' title='bbox 423 1151 736 1228; x_wconf 73' lang='lat' dir='ltr'><em>splendorem</em></span> <span class='ocrx_word' id='word_1_118' title='bbox 766 1146 996 1206; x_wconf 80' lang='lat' dir='ltr'><em>omnium</em></span> <span class='ocrx_word' id='word_1_119' title='bbox 1014 1146 1403 1225; x_wconf 83' lang='lat' dir='ltr'><em>voluntatesque</em></span> <span class='ocrx_word' id='word_1_120' title='bbox 1412 1146 1649 1226; x_wconf 78' lang='lat' dir='ltr'><em>haberet]</em></span> <span class='ocrx_word' id='word_1_121' title='bbox 1690 1147 1842 1225; x_wconf 84' lang='lat' dir='ltr'><em>quafi</em></span> <span class='ocrx_word' id='word_1_122' title='bbox 1857 1148 1960 1206; x_wconf 88' lang='lat' dir='ltr'><em>hos</em></span> <span class='ocrx_word' id='word_1_123' title='bbox 1979 1146 2155 1208; x_wconf 88' lang='lat' dir='ltr'><em>ceteri</em></span> <span class='ocrx_word' id='word_1_124' title='bbox 2170 1145 2362 1220; x_wconf 86' lang='lat' dir='ltr'><em>seque-</em></span> 
     </span>
     <span class='ocr_line' id='line_1_13' title="bbox 342 1220 2363 1304; baseline -0.004 -15"><span class='ocrx_word' id='word_1_125' title='bbox 342 1243 571 1294; x_wconf 87' lang='lat' dir='ltr'><em>rentur;</em></span> <span class='ocrx_word' id='word_1_126' title='bbox 613 1225 772 1304; x_wconf 90' lang='lat' dir='ltr'><em>quod</em></span> <span class='ocrx_word' id='word_1_127' title='bbox 805 1222 1118 1283; x_wconf 87' lang='lat' dir='ltr'><em>mirandum</em></span> <span class='ocrx_word' id='word_1_128' title='bbox 1152 1241 1272 1284; x_wconf 89' lang='lat' dir='ltr'><em>non</em></span> <span class='ocrx_word' id='word_1_129' title='bbox 1303 1224 1408 1282; x_wconf 83' lang='lat' dir='ltr'><em>est:</em></span> <span class='ocrx_word' id='word_1_130' title='bbox 1450 1233 1585 1282; x_wconf 82' lang='lat' dir='ltr'><em>Sunt</em></span> <span class='ocrx_word' id='word_1_131' title='bbox 1615 1224 1789 1294; x_wconf 84' lang='lat' dir='ltr'><em>enim,</em></span> <span class='ocrx_word' id='word_1_132' title='bbox 1826 1236 1890 1282; x_wconf 88' lang='lat' dir='ltr'><em>ut</em></span> <span class='ocrx_word' id='word_1_133' title='bbox 1918 1220 2363 1301; x_wconf 76' lang='lat' dir='ltr'><em>inquitMTul-</em></span> 
     </span>
     <span class='ocr_line' id='line_1_14' title="bbox 343 1301 1836 1380; baseline -0.003 -16"><span class='ocrx_word' id='word_1_134' title='bbox 343 1306 451 1369; x_wconf 86' lang='lat' dir='ltr'><em>lius</em></span> <span class='ocrx_word' id='word_1_135' title='bbox 481 1321 583 1380; x_wconf 92' lang='lat' dir='ltr'><em>pro</em></span> <span class='ocrx_word' id='word_1_136' title='bbox 616 1305 859 1362; x_wconf 87' lang='lat' dir='ltr'><em>Murena</em></span> <span class='ocrx_word' id='word_1_137' title='bbox 876 1342 894 1369; x_wconf 91' lang='lat'>‚</span> <span class='ocrx_word' id='word_1_138' title='bbox 935 1301 1160 1357; x_wconf 83' lang='lat' dir='ltr'><em>Comitia</em></span> <span class='ocrx_word' id='word_1_139' title='bbox 1183 1301 1353 1376; x_wconf 82' lang='lat' dir='ltr'><em>populi</em></span> <span class='ocrx_word' id='word_1_140' title='bbox 1381 1317 1443 1357; x_wconf 86' lang='lat' dir='ltr'><em>ac</em></span> <span class='ocrx_word' id='word_1_141' title='bbox 1470 1301 1836 1359; x_wconf 81' lang='lat' dir='ltr'><em>multitudinis.</em></span> 
     </span>
     <span class='ocr_line' id='line_1_15' title="bbox 425 1372 2363 1459; baseline -0.004 -19"><span class='ocrx_word' id='word_1_142' title='bbox 425 1381 647 1459; x_wconf 81' lang='lat' dir='ltr'><em>Pompeji</em></span> <span class='ocrx_word' id='word_1_143' title='bbox 663 1379 935 1457; x_wconf 86' lang='lat' dir='ltr'><em>summam</em></span> <span class='ocrx_word' id='word_1_144' title='bbox 965 1391 1082 1450; x_wconf 69' lang='lat' dir='ltr'><em>erga</em></span> <span class='ocrx_word' id='word_1_145' title='bbox 1115 1392 1164 1433; x_wconf 83' lang='lat' dir='ltr'><em>te</em></span> <span class='ocrx_word' id='word_1_146' title='bbox 1190 1379 1279 1453; x_wconf 84' lang='lat' dir='ltr'><em>effe</em></span> <span class='ocrx_word' id='word_1_147' title='bbox 1308 1376 1664 1456; x_wconf 70' lang='lat' dir='ltr'><em>voluntatem]</em></span> <span class='ocrx_word' id='word_1_148' title='bbox 1704 1394 1837 1436; x_wconf 85' lang='lat' dir='ltr'><em>cum</em></span> <span class='ocrx_word' id='word_1_149' title='bbox 1870 1378 2027 1436; x_wconf 84' lang='lat' dir='ltr'><em>enirn</em></span> <span class='ocrx_word' id='word_1_150' title='bbox 2043 1372 2177 1437; x_wconf 84' lang='lat' dir='ltr'><em>effet</em></span> <span class='ocrx_word' id='word_1_151' title='bbox 2189 1373 2363 1433; x_wconf 81' lang='lat' dir='ltr'><em>Pom-</em></span> 
     </span>
     <span class='ocr_line' id='line_1_16' title="bbox 389 1450 2363 1536; baseline -0.004 -19"><span class='ocrx_word' id='word_1_152' title='bbox 389 1460 509 1536; x_wconf 88' lang='lat' dir='ltr'><em>ejus</em></span> <span class='ocrx_word' id='word_1_153' title='bbox 537 1457 754 1533; x_wconf 89' lang='lat' dir='ltr'><em>populo</em></span> <span class='ocrx_word' id='word_1_154' title='bbox 786 1453 1112 1530; x_wconf 86' lang='lat' dir='ltr'><em>gratiffimus</em></span> <span class='ocrx_word' id='word_1_155' title='bbox 1149 1493 1166 1521; x_wconf 90' lang='lat'><strong>,</strong></span> <span class='ocrx_word' id='word_1_156' title='bbox 1205 1454 1442 1529; x_wconf 84' lang='lat' dir='ltr'><em>populus</em></span> <span class='ocrx_word' id='word_1_157' title='bbox 1476 1455 1529 1512; x_wconf 88' lang='lat' dir='ltr'><em>ei</em></span> <span class='ocrx_word' id='word_1_158' title='bbox 1560 1455 1808 1515; x_wconf 80' lang='lat' dir='ltr'><em>faumrus</em></span> <span class='ocrx_word' id='word_1_159' title='bbox 1838 1450 2022 1513; x_wconf 73' lang='lat' dir='ltr'><em>fitifl&#39;et</em></span> <span class='ocrx_word' id='word_1_160' title='bbox 2041 1494 2060 1522; x_wconf 91' lang='lat'>‚</span> <span class='ocrx_word' id='word_1_161' title='bbox 2097 1452 2158 1512; x_wconf 90' lang='lat' dir='ltr'><em>in</em></span> <span class='ocrx_word' id='word_1_162' title='bbox 2192 1466 2363 1529; x_wconf 79' lang='lat' dir='ltr'><em>quem</em></span> 
     </span>
     <span class='ocr_line' id='line_1_17' title="bbox 345 1477 1773 1611; baseline -0.004 -15"><span class='ocrx_word' id='word_1_163' title='bbox 345 1477 612 1611; x_wconf 52' lang='lat' dir='ltr'><em>gompeji</em></span> <span class='ocrx_word' id='word_1_164' title='bbox 642 1535 993 1593; x_wconf 85' lang='lat' dir='ltr'><em>voluntatem</em></span> <span class='ocrx_word' id='word_1_165' title='bbox 1025 1530 1374 1605; x_wconf 84' lang='lat' dir='ltr'><em>propendere</em></span> <span class='ocrx_word' id='word_1_166' title='bbox 1407 1528 1773 1606; x_wconf 85' lang='lat' dir='ltr'><em>cognoviflet.</em></span> 
     </span>
     <span class='ocr_line' id='line_1_18' title="bbox 424 1606 2361 1689; baseline -0.003 -21"><span class='ocrx_word' id='word_1_167' title='bbox 424 1612 554 1687; x_wconf 85' lang='lat' dir='ltr'><em>Pag.</em></span> <span class='ocrx_word' id='word_1_168' title='bbox 589 1627 717 1686; x_wconf 84' lang='lat'><em>233.</em></span> <span class='ocrx_word' id='word_1_169' title='bbox 756 1616 830 1665; x_wconf 84' lang='lat' dir='ltr'><em>Et</em></span> <span class='ocrx_word' id='word_1_170' title='bbox 863 1606 1182 1665; x_wconf 81' lang='lat' dir='ltr'><em>vehementer</em></span> <span class='ocrx_word' id='word_1_171' title='bbox 1211 1606 1285 1662; x_wconf 88' lang='lat' dir='ltr'><em>ad</em></span> <span class='ocrx_word' id='word_1_172' title='bbox 1312 1607 1450 1665; x_wconf 80' lang='lat' dir='ltr'><em>illius</em></span> <span class='ocrx_word' id='word_1_173' title='bbox 1478 1608 1721 1689; x_wconf 79' lang='lat' dir='ltr'><em>rationes]</em></span> <span class='ocrx_word' id='word_1_174' title='bbox 1761 1622 1897 1668; x_wconf 78' lang='lat' dir='ltr'><em>nam</em></span> <span class='ocrx_word' id='word_1_175' title='bbox 1917 1647 1936 1675; x_wconf 88' lang='lat'>,</span> <span class='ocrx_word' id='word_1_176' title='bbox 1977 1622 2112 1665; x_wconf 86' lang='lat' dir='ltr'><em>cum</em></span> <span class='ocrx_word' id='word_1_177' title='bbox 2129 1621 2205 1663; x_wconf 87' lang='lat' dir='ltr'><em>eo</em></span> <span class='ocrx_word' id='word_1_178' title='bbox 2222 1616 2361 1663; x_wconf 87' lang='lat' dir='ltr'><em>tem·</em></span> 
     </span>
     <span class='ocr_line' id='line_1_19' title="bbox 390 1680 2362 1763; baseline -0.005 -17"><span class='ocrx_word' id='word_1_179' title='bbox 390 1706 491 1748; x_wconf 87' lang='lat' dir='ltr'><em>ore</em></span> <span class='ocrx_word' id='word_1_180' title='bbox 523 1685 829 1763; x_wconf 87' lang='lat' dir='ltr'><em>Pompejus</em></span> <span class='ocrx_word' id='word_1_181' title='bbox 859 1683 1067 1744; x_wconf 86' lang='lat' dir='ltr'><em>bellum</em></span> <span class='ocrx_word' id='word_1_182' title='bbox 1103 1699 1235 1740; x_wconf 91' lang='lat' dir='ltr'><em>cum</em></span> <span class='ocrx_word' id='word_1_183' title='bbox 1270 1683 1596 1743; x_wconf 83' lang='lat' dir='ltr'><em>Mithridate</em></span> <span class='ocrx_word' id='word_1_184' title='bbox 1608 1694 1826 1758; x_wconf 86' lang='lat' dir='ltr'><em>gereret</em></span> <span class='ocrx_word' id='word_1_185' title='bbox 1844 1725 1863 1754; x_wconf 92' lang='lat'>‚</span> <span class='ocrx_word' id='word_1_186' title='bbox 1900 1683 2023 1742; x_wconf 88' lang='lat' dir='ltr'><em>fieri</em></span> <span class='ocrx_word' id='word_1_187' title='bbox 2037 1680 2197 1759; x_wconf 84' lang='lat' dir='ltr'><em>poffe</em></span> <span class='ocrx_word' id='word_1_188' title='bbox 2215 1680 2362 1738; x_wconf 86' lang='lat' dir='ltr'><em>vide-</em></span> 
     </span>
     <span class='ocr_line' id='line_1_20' title="bbox 421 1758 2363 1838; baseline -0.005 -14"><span class='ocrx_word' id='word_1_189' title='bbox 421 1778 480 1835; x_wconf 89' lang='lat' dir='ltr'><em>t,</em></span> <span class='ocrx_word' id='word_1_190' title='bbox 518 1776 582 1823; x_wconf 89' lang='lat' dir='ltr'><em>ut</em></span> <span class='ocrx_word' id='word_1_191' title='bbox 613 1765 730 1838; x_wconf 88' lang='lat' dir='ltr'><em>ejus</em></span> <span class='ocrx_word' id='word_1_192' title='bbox 762 1779 846 1822; x_wconf 83' lang='lat' dir='ltr'><em>res</em></span> <span class='ocrx_word' id='word_1_193' title='bbox 876 1759 1042 1836; x_wconf 86' lang='lat' dir='ltr'><em>gestae</em></span> <span class='ocrx_word' id='word_1_194' title='bbox 1061 1799 1079 1826; x_wconf 89' lang='lat'>‚</span> <span class='ocrx_word' id='word_1_195' title='bbox 1116 1758 1347 1836; x_wconf 80' lang='lat' dir='ltr'><em>lausque</em></span> <span class='ocrx_word' id='word_1_196' title='bbox 1376 1762 1436 1818; x_wconf 87' lang='lat'>&amp;</span> <span class='ocrx_word' id='word_1_197' title='bbox 1467 1761 1655 1821; x_wconf 89' lang='lat' dir='ltr'><em>honor</em></span> <span class='ocrx_word' id='word_1_198' title='bbox 1686 1778 1879 1821; x_wconf 82' lang='lat' dir='ltr'><em>earum</em></span> <span class='ocrx_word' id='word_1_199' title='bbox 1910 1762 1967 1820; x_wconf 90' lang='lat' dir='ltr'><em>in</em></span> <span class='ocrx_word' id='word_1_200' title='bbox 1987 1760 2076 1818; x_wconf 90' lang='lat' dir='ltr'><em>M.</em></span> <span class='ocrx_word' id='word_1_201' title='bbox 2092 1759 2213 1816; x_wconf 88' lang='lat' dir='ltr'><em>Cic.</em></span> <span class='ocrx_word' id='word_1_202' title='bbox 2233 1775 2363 1816; x_wconf 85' lang='lat' dir='ltr'><em>con·</em></span> 
     </span>
     <span class='ocr_line' id='line_1_21' title="bbox 286 1833 2360 1911; baseline -0.005 -8"><span class='ocrx_word' id='word_1_203' title='bbox 286 1857 292 1862; x_wconf 72' lang='grc'><em>“</em></span> <span class='ocrx_word' id='word_1_204' title='bbox 346 1843 587 1903; x_wconf 82' lang='lat' dir='ltr'><em>sulatum</em></span> <span class='ocrx_word' id='word_1_205' title='bbox 622 1837 930 1900; x_wconf 83' lang='lat' dir='ltr'><em>inciderent</em></span> <span class='ocrx_word' id='word_1_206' title='bbox 966 1855 982 1893; x_wconf 77' lang='lat' dir='ltr'><em>t</em></span> <span class='ocrx_word' id='word_1_207' title='bbox 1042 1833 1098 1893; x_wconf 92' lang='lat' dir='ltr'><em>id</em></span> <span class='ocrx_word' id='word_1_208' title='bbox 1131 1836 1288 1911; x_wconf 91' lang='lat' dir='ltr'><em>quod</em></span> <span class='ocrx_word' id='word_1_209' title='bbox 1316 1836 1530 1895; x_wconf 73' lang='lat' dir='ltr'><em>factum</em></span> <span class='ocrx_word' id='word_1_210' title='bbox 1564 1836 1656 1895; x_wconf 90' lang='lat' dir='ltr'><em>est.</em></span> <span class='ocrx_word' id='word_1_211' title='bbox 1732 1837 1886 1896; x_wconf 87' lang='lat' dir='ltr'><em>Nam</em></span> <span class='ocrx_word' id='word_1_212' title='bbox 1919 1833 2191 1896; x_wconf 66' lang='lat' dir='ltr'><em>confecto</em></span> <span class='ocrx_word' id='word_1_213' title='bbox 2220 1835 2360 1892; x_wconf 89' lang='lat' dir='ltr'><em>bello</em></span> 
     </span>
     <span class='ocr_line' id='line_1_22' title="bbox 349 1911 2364 1989; baseline -0.004 -11"><span class='ocrx_word' id='word_1_214' title='bbox 349 1917 745 1978; x_wconf 83' lang='lat' dir='ltr'><em>Mithridatico</em></span> <span class='ocrx_word' id='word_1_215' title='bbox 765 1957 782 1983; x_wconf 90' lang='lat'><strong>,</strong></span> <span class='ocrx_word' id='word_1_216' title='bbox 821 1921 1053 1989; x_wconf 86' lang='lat' dir='ltr'><em>repente</em></span> <span class='ocrx_word' id='word_1_217' title='bbox 1083 1912 1311 1971; x_wconf 88' lang='lat' dir='ltr'><em>consule</em></span> <span class='ocrx_word' id='word_1_218' title='bbox 1341 1913 1657 1983; x_wconf 88' lang='lat' dir='ltr'><em>Cicerone,</em></span> <span class='ocrx_word' id='word_1_219' title='bbox 1696 1911 1898 1972; x_wconf 86' lang='lat' dir='ltr'><em>decem</em></span> <span class='ocrx_word' id='word_1_220' title='bbox 1931 1912 2150 1971; x_wconf 88' lang='lat' dir='ltr'><em>dierum</em></span> <span class='ocrx_word' id='word_1_221' title='bbox 2171 1911 2364 1987; x_wconf 78' lang='lat' dir='ltr'><em>suppli·</em></span> 
     </span>
     <span class='ocr_line' id='line_1_23' title="bbox 349 1988 2310 2069; baseline -0.005 -14"><span class='ocrx_word' id='word_1_222' title='bbox 349 1997 503 2055; x_wconf 86' lang='lat' dir='ltr'><em>catio</em></span> <span class='ocrx_word' id='word_1_223' title='bbox 537 1992 817 2069; x_wconf 86' lang='lat' dir='ltr'><em>Pompejo</em></span> <span class='ocrx_word' id='word_1_224' title='bbox 847 1989 1053 2048; x_wconf 75' lang='lat' dir='ltr'><em>directa</em></span> <span class='ocrx_word' id='word_1_225' title='bbox 1086 1988 1177 2046; x_wconf 88' lang='lat' dir='ltr'><em>est.</em></span> <span class='ocrx_word' id='word_1_226' title='bbox 1214 1989 1300 2046; x_wconf 89' lang='lat' dir='ltr'><em>M.</em></span> <span class='ocrx_word' id='word_1_227' title='bbox 1337 1990 1457 2048; x_wconf 91' lang='lat' dir='ltr'><em>Cic.</em></span> <span class='ocrx_word' id='word_1_228' title='bbox 1488 1990 1559 2053; x_wconf 89' lang='lat' dir='ltr'><em>de</em></span> <span class='ocrx_word' id='word_1_229' title='bbox 1590 1990 1894 2067; x_wconf 86' lang='lat' dir='ltr'><em>provinciis</em></span> <span class='ocrx_word' id='word_1_230' title='bbox 1922 1989 2310 2047; x_wconf 87' lang='lat' dir='ltr'><em>consularibus.</em></span> 
     </span>
     <span class='ocr_line' id='line_1_24' title="bbox 430 2061 2366 2147; baseline -0.005 -15"><span class='ocrx_word' id='word_1_231' title='bbox 430 2072 679 2147; x_wconf 85' lang='lat' dir='ltr'><em>Postremo</em></span> <span class='ocrx_word' id='word_1_232' title='bbox 710 2084 822 2127; x_wconf 84' lang='lat' dir='ltr'><em>tota</em></span> <span class='ocrx_word' id='word_1_233' title='bbox 843 2065 1046 2144; x_wconf 85' lang='lat' dir='ltr'><em>petitio]</em></span> <span class='ocrx_word' id='word_1_234' title='bbox 1086 2064 1211 2123; x_wconf 88' lang='lat' dir='ltr'><em>haec</em></span> <span class='ocrx_word' id='word_1_235' title='bbox 1243 2064 1313 2124; x_wconf 86' lang='lat' dir='ltr'><em>ad</em></span> <span class='ocrx_word' id='word_1_236' title='bbox 1345 2067 1492 2127; x_wconf 88' lang='lat' dir='ltr'><em>illam</em></span> <span class='ocrx_word' id='word_1_237' title='bbox 1508 2080 1722 2142; x_wconf 85' lang='lat' dir='ltr'><em>partem</em></span> <span class='ocrx_word' id='word_1_238' title='bbox 1739 2064 2021 2142; x_wconf 88' lang='lat' dir='ltr'><em>pertinent</em></span> <span class='ocrx_word' id='word_1_239' title='bbox 2039 2107 2055 2134; x_wconf 94' lang='lat'>,</span> <span class='ocrx_word' id='word_1_240' title='bbox 2095 2064 2279 2124; x_wconf 89' lang='lat' dir='ltr'><em>ubide</em></span> <span class='ocrx_word' id='word_1_241' title='bbox 2295 2061 2366 2122; x_wconf 81' lang='lat' dir='ltr'><em>as·-</em></span> 
     </span>
     <span class='ocr_line' id='line_1_25' title="bbox 344 2142 2363 2221; baseline -0.003 -14"><span class='ocrx_word' id='word_1_242' title='bbox 344 2147 652 2208; x_wconf 69' lang='lat' dir='ltr'><em>sectatione</em></span> <span class='ocrx_word' id='word_1_243' title='bbox 685 2146 798 2218; x_wconf 87' lang='lat' dir='ltr'><em>egit</em></span> <span class='ocrx_word' id='word_1_244' title='bbox 817 2184 834 2210; x_wconf 90' lang='lat'><strong>,</strong></span> <span class='ocrx_word' id='word_1_245' title='bbox 875 2143 969 2199; x_wconf 90' lang='lat' dir='ltr'><em>ubi</em></span> <span class='ocrx_word' id='word_1_246' title='bbox 988 2157 1116 2199; x_wconf 88' lang='lat' dir='ltr'><em>eum</em></span> <span class='ocrx_word' id='word_1_247' title='bbox 1138 2142 1465 2216; x_wconf 85' lang='lat' dir='ltr'><em>quotidiana</em></span> <span class='ocrx_word' id='word_1_248' title='bbox 1484 2142 1858 2221; x_wconf 88' lang='lat' dir='ltr'><em>cujuscunque</em></span> <span class='ocrx_word' id='word_1_249' title='bbox 1871 2143 2090 2217; x_wconf 88' lang='lat' dir='ltr'><em>generis</em></span> <span class='ocrx_word' id='word_1_250' title='bbox 2102 2143 2363 2217; x_wconf 87' lang='lat' dir='ltr'><em>frequen·</em></span> 
     </span>
     <span class='ocr_line' id='line_1_26' title="bbox 347 2216 2368 2358; baseline -0.003 -75"><span class='ocrx_word' id='word_1_251' title='bbox 347 2226 428 2283; x_wconf 87' lang='lat' dir='ltr'><em>tia</em></span> <span class='ocrx_word' id='word_1_252' title='bbox 460 2224 543 2282; x_wconf 88' lang='lat' dir='ltr'><em>uti</em></span> <span class='ocrx_word' id='word_1_253' title='bbox 537 2219 719 2358; x_wconf 48' lang='lat' dir='ltr'><em>affffit</em></span> <span class='ocrx_word' id='word_1_254' title='bbox 739 2262 757 2288; x_wconf 89' lang='lat'>‚</span> <span class='ocrx_word' id='word_1_255' title='bbox 798 2217 956 2294; x_wconf 82' lang='lat' dir='ltr'><em>quod</em></span> <span class='ocrx_word' id='word_1_256' title='bbox 977 2235 1042 2280; x_wconf 87' lang='lat' dir='ltr'><em>ea</em></span> <span class='ocrx_word' id='word_1_257' title='bbox 1059 2234 1321 2290; x_wconf 75' lang='lat' dir='ltr'><em>magnam</em></span> <span class='ocrx_word' id='word_1_258' title='bbox 1342 2221 1676 2294; x_wconf 87' lang='lat' dir='ltr'><em>opinionem</em></span> <span class='ocrx_word' id='word_1_259' title='bbox 1694 2262 1714 2290; x_wconf 87' lang='lat'><strong>,</strong></span> <span class='ocrx_word' id='word_1_260' title='bbox 1752 2237 2016 2296; x_wconf 86' lang='lat' dir='ltr'><em>magnam</em></span> <span class='ocrx_word' id='word_1_261' title='bbox 2029 2216 2252 2278; x_wconf 87' lang='lat' dir='ltr'><em>laudem</em></span> <span class='ocrx_word' id='word_1_262' title='bbox 2268 2236 2368 2295; x_wconf 86' lang='lat' dir='ltr'><em>pe-</em></span> 
     </span>
     <span class='ocr_line' id='line_1_27' title="bbox 347 2301 1383 2361; baseline -0.011 -1"><span class='ocrx_word' id='word_1_263' title='bbox 347 2301 507 2361; x_wconf 89' lang='lat' dir='ltr'><em>titori</em></span> <span class='ocrx_word' id='word_1_264' title='bbox 613 2307 775 2356; x_wconf 83' lang='lat' dir='ltr'><em>erret.</em></span> <span class='ocrx_word' id='word_1_265' title='bbox 1379 2302 1383 2307; x_wconf 88' lang='grc'>·</span> 
     </span>
     <span class='ocr_line' id='line_1_28' title="bbox 427 2369 2366 2507; baseline -0.002 -73"><span class='ocrx_word' id='word_1_266' title='bbox 427 2374 694 2453; x_wconf 80' lang='lat' dir='ltr'><em>Popularis</em></span> <span class='ocrx_word' id='word_1_267' title='bbox 713 2369 817 2507; x_wconf 51' lang='lat' dir='ltr'><em>[eg]</em></span> <span class='ocrx_word' id='word_1_268' title='bbox 857 2369 1208 2447; x_wconf 86' lang='lat' dir='ltr'><em>splendorem</em></span> <span class='ocrx_word' id='word_1_269' title='bbox 1225 2371 1288 2433; x_wconf 86' lang='lat'>&amp;</span> <span class='ocrx_word' id='word_1_270' title='bbox 1303 2370 1553 2447; x_wconf 84' lang='lat' dir='ltr'><em>plausum</em></span> <span class='ocrx_word' id='word_1_271' title='bbox 1569 2374 1901 2452; x_wconf 83' lang='lat' dir='ltr'><em>popularem</em></span> <span class='ocrx_word' id='word_1_272' title='bbox 1919 2375 2146 2442; x_wconf 83' lang='lat' dir='ltr'><em>habeat,</em></span> <span class='ocrx_word' id='word_1_273' title='bbox 2182 2372 2244 2432; x_wconf 86' lang='lat'>&amp;</span> <span class='ocrx_word' id='word_1_274' title='bbox 2260 2389 2366 2450; x_wconf 86' lang='lat' dir='ltr'><em>po-</em></span> 
     </span>
     <span class='ocr_line' id='line_1_29' title="bbox 701 2458 967 2507; baseline 0 -1"><span class='ocrx_word' id='word_1_275' title='bbox 701 2468 758 2507; x_wconf 80' lang='lat' dir='ltr'><em>vi</em></span> <span class='ocrx_word' id='word_1_276' title='bbox 831 2458 967 2506; x_wconf 85' lang='lat' dir='ltr'><em>atur.</em></span> 
     </span>
     <span class='ocr_line' id='line_1_30' title="bbox 346 2454 2363 2661; baseline -0.001 -74"><span class='ocrx_word' id='word_1_277' title='bbox 346 2454 501 2589; x_wconf 51' lang='lat' dir='ltr'><em>muge</em></span> <span class='ocrx_word' id='word_1_278' title='bbox 518 2465 690 2588; x_wconf 43' lang='lat' dir='ltr'><em>geza„</em></span> <span class='ocrx_word' id='word_1_279' title='bbox 710 2569 728 2595; x_wconf 93' lang='lat'>‚</span> <span class='ocrx_word' id='word_1_280' title='bbox 756 2467 828 2605; x_wconf 73' lang='lat' dir='ltr'><em>fie</em></span> <span class='ocrx_word' id='word_1_281' title='bbox 838 2526 962 2612; x_wconf 69' lang='lat' dir='ltr'><em>quid</em></span> <span class='ocrx_word' id='word_1_282' title='bbox 983 2528 1126 2661; x_wconf 43' lang='lat' dir='ltr'><em>pssffit</em></span> <span class='ocrx_word' id='word_1_283' title='bbox 1144 2570 1162 2597; x_wconf 89' lang='lat'>‚</span> <span class='ocrx_word' id='word_1_284' title='bbox 1201 2542 1265 2584; x_wconf 87' lang='lat' dir='ltr'><em>ne</em></span> <span class='ocrx_word' id='word_1_285' title='bbox 1295 2525 1714 2611; x_wconf 68' lang='lat' dir='ltr'><em>cpmpett’toribus]</em></span> <span class='ocrx_word' id='word_1_286' title='bbox 1771 2545 1847 2590; x_wconf 88' lang='lat' dir='ltr'><em>ne</em></span> <span class='ocrx_word' id='word_1_287' title='bbox 1877 2526 2016 2589; x_wconf 88' lang='lat' dir='ltr'><em>illud</em></span> <span class='ocrx_word' id='word_1_288' title='bbox 2046 2526 2282 2606; x_wconf 87' lang='lat' dir='ltr'><em>quidem</em></span> <span class='ocrx_word' id='word_1_289' title='bbox 2310 2527 2363 2592; x_wconf 83' lang='lat' dir='ltr'><em>in</em></span> 
     </span>
     <span class='ocr_line' id='line_1_31' title="bbox 349 2600 2365 2761; baseline -0.001 -18"><span class='ocrx_word' id='word_1_290' title='bbox 349 2608 582 2744; x_wconf 48' lang='lat'><em>{¹533</em></span> <span class='ocrx_word' id='word_1_291' title='bbox 604 2600 2365 2761; x_wconf 49' lang='lat' dir='ltr'><em>Effi5¹fnssffifss¹usuffiuffi¹¹ssiuh1332daffitffipssssiissffiff</em></span> 
     </span>
     <span class='ocr_line' id='line_1_32' title="bbox 351 2761 2339 2820; baseline -0.005 0"><span class='ocrx_word' id='word_1_292' title='bbox 351 2761 463 2820; x_wconf 91' lang='lat' dir='ltr'><em>bat.</em></span> <span class='ocrx_word' id='word_1_293' title='bbox 497 2778 502 2785; x_wconf 88' lang='lat'><strong>·</strong></span> <span class='ocrx_word' id='word_1_294' title='bbox 2324 2772 2339 2777; x_wconf 67' lang='grc'><strong>“</strong></span> 
     </span>
     <span class='ocr_line' id='line_1_33' title="bbox 430 2832 2366 2913; baseline -0.002 -20"><span class='ocrx_word' id='word_1_295' title='bbox 430 2836 611 2894; x_wconf 84' lang='lat' dir='ltr'><em>Etiam</em></span> <span class='ocrx_word' id='word_1_296' title='bbox 630 2834 687 2910; x_wconf 84' lang='lat' dir='ltr'><em>fi</em></span> <span class='ocrx_word' id='word_1_297' title='bbox 715 2832 987 2913; x_wconf 83' lang='lat' dir='ltr'><em>quidpoffit</em></span> <span class='ocrx_word' id='word_1_298' title='bbox 1002 2833 1090 2912; x_wconf 88' lang='lat' dir='ltr'><em>ne]</em></span> <span class='ocrx_word' id='word_1_299' title='bbox 1129 2833 1288 2892; x_wconf 90' lang='lat' dir='ltr'><em>locus</em></span> <span class='ocrx_word' id='word_1_300' title='bbox 1323 2845 1611 2911; x_wconf 86' lang='lat' dir='ltr'><em>corruptus</em></span> <span class='ocrx_word' id='word_1_301' title='bbox 1629 2877 1647 2904; x_wconf 91' lang='lat'>‚</span> <span class='ocrx_word' id='word_1_302' title='bbox 1686 2834 1842 2911; x_wconf 90' lang='lat' dir='ltr'><em>quod</em></span> <span class='ocrx_word' id='word_1_303' title='bbox 1856 2835 1926 2894; x_wconf 83' lang='lat' dir='ltr'><em>ab</em></span> <span class='ocrx_word' id='word_1_304' title='bbox 1939 2833 2059 2895; x_wconf 87' lang='lat' dir='ltr'><em>aliis</em></span> <span class='ocrx_word' id='word_1_305' title='bbox 2075 2834 2238 2895; x_wconf 85' lang='lat' dir='ltr'><em>aliter</em></span> <span class='ocrx_word' id='word_1_306' title='bbox 2252 2851 2366 2894; x_wconf 69' lang='lat' dir='ltr'><em>cor-</em></span> 
     </span>
     <span class='ocr_line' id='line_1_34' title="bbox 350 2909 2367 2993; baseline -0.002 -21"><span class='ocrx_word' id='word_1_307' title='bbox 350 2912 560 2988; x_wconf 85' lang='lat' dir='ltr'><em>rigitur.</em></span> <span class='ocrx_word' id='word_1_308' title='bbox 637 2911 763 2986; x_wconf 88' lang='lat' dir='ltr'><em>Ego</em></span> <span class='ocrx_word' id='word_1_309' title='bbox 797 2911 871 2968; x_wconf 91' lang='lat' dir='ltr'><em>fic</em></span> <span class='ocrx_word' id='word_1_310' title='bbox 901 2909 1197 2985; x_wconf 83' lang='lat' dir='ltr'><em>putabam:</em></span> <span class='ocrx_word' id='word_1_311' title='bbox 1236 2923 1300 2966; x_wconf 80' lang='lat' dir='ltr'><em>ut</em></span> <span class='ocrx_word' id='word_1_312' title='bbox 1329 2911 1485 2967; x_wconf 83' lang='lat' dir='ltr'><em>etiam</em></span> <span class='ocrx_word' id='word_1_313' title='bbox 1503 2954 1520 2979; x_wconf 91' lang='lat'>,</span> <span class='ocrx_word' id='word_1_314' title='bbox 1549 2910 1604 2987; x_wconf 82' lang='lat' dir='ltr'><strong><em>fi</em></strong></span> <span class='ocrx_word' id='word_1_315' title='bbox 1630 2931 1736 2990; x_wconf 78' lang='lat' dir='ltr'><em>qua</em></span> <span class='ocrx_word' id='word_1_316' title='bbox 1756 2912 1900 2993; x_wconf 78' lang='lat' dir='ltr'><em>possit</em></span> <span class='ocrx_word' id='word_1_317' title='bbox 1917 2954 1936 2983; x_wconf 91' lang='lat'>‚</span> <span class='ocrx_word' id='word_1_318' title='bbox 1973 2912 2032 2969; x_wconf 83' lang='lat' dir='ltr'><em>in</em></span> <span class='ocrx_word' id='word_1_319' title='bbox 2044 2911 2367 2989; x_wconf 71' lang='lat' dir='ltr'><em>competitori-</em></span> 
     </span>
     <span class='ocr_line' id='line_1_35' title="bbox 351 2985 2371 3073; baseline 0.001 -27"><span class='ocrx_word' id='word_1_320' title='bbox 351 2991 448 3046; x_wconf 80' lang='lat' dir='ltr'><em>bus</em></span> <span class='ocrx_word' id='word_1_321' title='bbox 480 2988 583 3046; x_wconf 83' lang='lat' dir='ltr'><em>tut&#39;s</em></span> <span class='ocrx_word' id='word_1_322' title='bbox 611 2988 796 3073; x_wconf 78' lang='lat' dir='ltr'><em>existat</em></span> <span class='ocrx_word' id='word_1_323' title='bbox 827 2985 1082 3061; x_wconf 82' lang='lat' dir='ltr'><em>infamia:</em></span> <span class='ocrx_word' id='word_1_324' title='bbox 1121 2997 1345 3045; x_wconf 88' lang='lat' dir='ltr'><em>mutato</em></span> <span class='ocrx_word' id='word_1_325' title='bbox 1378 2987 1504 3067; x_wconf 82' lang='lat' dir='ltr'><em>quid</em></span> <span class='ocrx_word' id='word_1_326' title='bbox 1531 2988 1591 3047; x_wconf 90' lang='lat' dir='ltr'><em>in</em></span> <span class='ocrx_word' id='word_1_327' title='bbox 1620 3007 1727 3068; x_wconf 78' lang='lat' dir='ltr'><em>qua</em></span> <span class='ocrx_word' id='word_1_328' title='bbox 1745 3032 1765 3062; x_wconf 84' lang='lat'><strong>,</strong></span> <span class='ocrx_word' id='word_1_329' title='bbox 1805 2991 1867 3050; x_wconf 85' lang='lat'>&amp;</span> <span class='ocrx_word' id='word_1_330' title='bbox 1897 3007 1970 3049; x_wconf 82' lang='lat' dir='ltr'><em>ex</em></span> <span class='ocrx_word' id='word_1_331' title='bbox 2000 3007 2066 3048; x_wconf 84' lang='lat' dir='ltr'><em>ne</em></span> <span class='ocrx_word' id='word_1_332' title='bbox 2096 2990 2251 3050; x_wconf 66' lang='lat' dir='ltr'><em>facto</em></span> <span class='ocrx_word' id='word_1_333' title='bbox 2282 2989 2371 3048; x_wconf 77' lang='lat' dir='ltr'><em>iu·-</em></span> 
     </span>
     <span class='ocr_line' id='line_1_36' title="bbox 349 3062 1423 3141; baseline -0.002 -15"><span class='ocrx_word' id='word_1_334' title='bbox 349 3083 484 3126; x_wconf 87' lang='lat' dir='ltr'><em>nam</em></span> <span class='ocrx_word' id='word_1_335' title='bbox 515 3076 774 3139; x_wconf 86' lang='lat' dir='ltr'><em>negativa</em></span> <span class='ocrx_word' id='word_1_336' title='bbox 808 3064 954 3124; x_wconf 85' lang='lat' dir='ltr'><em>nulla</em></span> <span class='ocrx_word' id='word_1_337' title='bbox 984 3062 1076 3122; x_wconf 90' lang='lat' dir='ltr'><em>hic</em></span> <span class='ocrx_word' id='word_1_338' title='bbox 1105 3064 1423 3141; x_wconf 81' lang='lat' dir='ltr'><em>requiritur.</em></span> 
     </span>
     <span class='ocr_line' id='line_1_37' title="bbox 427 3140 1341 3217; baseline -0.005 -16"><span class='ocrx_word' id='word_1_339' title='bbox 427 3150 552 3201; x_wconf 80' lang='lat' dir='ltr'><em>Aut</em></span> <span class='ocrx_word' id='word_1_340' title='bbox 575 3140 796 3217; x_wconf 80' lang='lat' dir='ltr'><em>sceleris]</em></span> <span class='ocrx_word' id='word_1_341' title='bbox 843 3152 904 3203; x_wconf 92' lang='lat' dir='ltr'><em>ut</em></span> <span class='ocrx_word' id='word_1_342' title='bbox 935 3140 993 3197; x_wconf 78' lang='lat' dir='ltr'><em>iti</em></span> <span class='ocrx_word' id='word_1_343' title='bbox 1028 3140 1286 3199; x_wconf 85' lang='lat' dir='ltr'><em>Catilina.</em></span> <span class='ocrx_word' id='word_1_344' title='bbox 1336 3180 1341 3187; x_wconf 75' lang='lat'><em>·</em></span> 
     </span>
     <span class='ocr_line' id='line_1_38' title="bbox 427 3215 1339 3288; baseline -0.002 -10"><span class='ocrx_word' id='word_1_345' title='bbox 427 3226 553 3278; x_wconf 80' lang='lat' dir='ltr'><em>Aut</em></span> <span class='ocrx_word' id='word_1_346' title='bbox 587 3217 833 3288; x_wconf 78' lang='lat' dir='ltr'><em>libidinis]</em></span> <span class='ocrx_word' id='word_1_347' title='bbox 877 3227 942 3276; x_wconf 89' lang='lat' dir='ltr'><em>ut</em></span> <span class='ocrx_word' id='word_1_348' title='bbox 972 3215 1029 3275; x_wconf 85' lang='lat' dir='ltr'><em>in</em></span> <span class='ocrx_word' id='word_1_349' title='bbox 1059 3217 1339 3276; x_wconf 77' lang='lat' dir='ltr'><em>Antonin.</em></span> 
     </span>
     <span class='ocr_line' id='line_1_39' title="bbox 426 3292 1356 3372; baseline -0.003 -19"><span class='ocrx_word' id='word_1_350' title='bbox 426 3303 554 3353; x_wconf 82' lang='lat' dir='ltr'><em>Aut</em></span> <span class='ocrx_word' id='word_1_351' title='bbox 585 3295 887 3372; x_wconf 80' lang='lat' dir='ltr'><em>largitionis]</em></span> <span class='ocrx_word' id='word_1_352' title='bbox 929 3304 994 3350; x_wconf 90' lang='lat' dir='ltr'><em>ut</em></span> <span class='ocrx_word' id='word_1_353' title='bbox 1027 3292 1084 3350; x_wconf 90' lang='lat' dir='ltr'><em>in</em></span> <span class='ocrx_word' id='word_1_354' title='bbox 1115 3292 1356 3371; x_wconf 86' lang='lat' dir='ltr'><em>reliquis.</em></span> 
     </span>
    </p>

    <p class='ocr_par' dir='ltr' id='par_1_3' title="bbox 275 3370 2372 3677">
     <span class='ocr_line' id='line_1_40' title="bbox 399 3370 2367 3452; baseline 0.005 -24"><span class='ocrx_word' id='word_1_355' title='bbox 399 3370 835 3431; x_wconf 78' lang='lat' dir='ltr'><em>..Accommodata</em></span> <span class='ocrx_word' id='word_1_356' title='bbox 864 3370 937 3426; x_wconf 86' lang='lat' dir='ltr'><em>ad</em></span> <span class='ocrx_word' id='word_1_357' title='bbox 963 3388 1136 3425; x_wconf 82' lang='lat' dir='ltr'><em>eorum</em></span> <span class='ocrx_word' id='word_1_358' title='bbox 1164 3371 1349 3447; x_wconf 84' lang='lat' dir='ltr'><em>mores]</em></span> <span class='ocrx_word' id='word_1_359' title='bbox 1391 3388 1522 3431; x_wconf 88' lang='lat' dir='ltr'><em>nam</em></span> <span class='ocrx_word' id='word_1_360' title='bbox 1561 3411 1581 3441; x_wconf 88' lang='lat'>‚</span> <span class='ocrx_word' id='word_1_361' title='bbox 1616 3382 1683 3432; x_wconf 89' lang='lat' dir='ltr'><em>ut</em></span> <span class='ocrx_word' id='word_1_362' title='bbox 1711 3374 1895 3452; x_wconf 87' lang='lat' dir='ltr'><em>inquit</em></span> <span class='ocrx_word' id='word_1_363' title='bbox 1925 3375 2153 3437; x_wconf 87' lang='lat' dir='ltr'><em>Tullius</em></span> <span class='ocrx_word' id='word_1_364' title='bbox 2177 3421 2196 3449; x_wconf 90' lang='lat'><strong>,</strong></span> <span class='ocrx_word' id='word_1_365' title='bbox 2234 3388 2367 3438; x_wconf 82' lang='lat' dir='ltr'><em>orat.</em></span> 
     </span>
     <span class='ocr_line' id='line_1_41' title="bbox 347 3445 2372 3531; baseline -0.004 -22"><span class='ocrx_word' id='word_1_366' title='bbox 347 3469 455 3529; x_wconf 80' lang='lat' dir='ltr'><em>pro</em></span> <span class='ocrx_word' id='word_1_367' title='bbox 484 3450 632 3507; x_wconf 83' lang='lat' dir='ltr'><em>Sext.</em></span> <span class='ocrx_word' id='word_1_368' title='bbox 666 3445 903 3505; x_wconf 88' lang='lat' dir='ltr'><em>Roscio:</em></span> <span class='ocrx_word' id='word_1_369' title='bbox 947 3454 1017 3502; x_wconf 89' lang='lat' dir='ltr'><em>Ut</em></span> <span class='ocrx_word' id='word_1_370' title='bbox 1049 3465 1151 3502; x_wconf 82' lang='lat' dir='ltr'><em>non</em></span> <span class='ocrx_word' id='word_1_371' title='bbox 1182 3466 1381 3503; x_wconf 83' lang='lat' dir='ltr'><em>omnem</em></span> <span class='ocrx_word' id='word_1_372' title='bbox 1404 3450 1613 3523; x_wconf 74' lang='lat' dir='ltr'><em>frugem</em></span> <span class='ocrx_word' id='word_1_373' title='bbox 1648 3469 1807 3531; x_wconf 73' lang='lat' dir='ltr'><em>neque</em></span> <span class='ocrx_word' id='word_1_374' title='bbox 1836 3450 2067 3510; x_wconf 81' lang='lat' dir='ltr'><em>arborem</em></span> <span class='ocrx_word' id='word_1_375' title='bbox 2082 3453 2139 3510; x_wconf 80' lang='lat' dir='ltr'><em>in</em></span> <span class='ocrx_word' id='word_1_376' title='bbox 2155 3458 2297 3512; x_wconf 70' lang='lat' dir='ltr'><em>mm·</em></span> <span class='ocrx_word' id='word_1_377' title='bbox 2309 3476 2372 3511; x_wconf 66' lang='lat' dir='ltr'><em>a-</em></span> 
     </span>
     <span class='ocr_line' id='line_1_42' title="bbox 275 3520 2372 3605; baseline 0.001 -19"><span class='ocrx_word' id='word_1_378' title='bbox 275 3554 280 3567; x_wconf 34' lang='grc' dir='ltr'>ψ</span> <span class='ocrx_word' id='word_1_379' title='bbox 380 3549 434 3587; x_wconf 85' lang='lat' dir='ltr'><em>ro</em></span> <span class='ocrx_word' id='word_1_380' title='bbox 467 3525 669 3602; x_wconf 86' lang='lat' dir='ltr'><em>reperire</em></span> <span class='ocrx_word' id='word_1_381' title='bbox 690 3522 829 3599; x_wconf 82' lang='lat' dir='ltr'><em>poffls</em></span> <span class='ocrx_word' id='word_1_382' title='bbox 844 3566 861 3591; x_wconf 91' lang='lat'>,</span> <span class='ocrx_word' id='word_1_383' title='bbox 892 3520 970 3599; x_wconf 80' lang='lat' dir='ltr'><em>fic</em></span> <span class='ocrx_word' id='word_1_384' title='bbox 998 3541 1101 3579; x_wconf 83' lang='lat' dir='ltr'><em>non</em></span> <span class='ocrx_word' id='word_1_385' title='bbox 1133 3543 1279 3583; x_wconf 86' lang='lat' dir='ltr'><em>omne</em></span> <span class='ocrx_word' id='word_1_386' title='bbox 1313 3525 1525 3595; x_wconf 80' lang='lat' dir='ltr'><em>facinus</em></span> <span class='ocrx_word' id='word_1_387' title='bbox 1553 3524 1610 3582; x_wconf 82' lang='lat' dir='ltr'><em>in</em></span> <span class='ocrx_word' id='word_1_388' title='bbox 1643 3530 1783 3585; x_wconf 82' lang='lat' dir='ltr'><em>omni</em></span> <span class='ocrx_word' id='word_1_389' title='bbox 1814 3531 1930 3586; x_wconf 82' lang='lat' dir='ltr'><em>vita</em></span> <span class='ocrx_word' id='word_1_390' title='bbox 1964 3529 2207 3605; x_wconf 83' lang='lat' dir='ltr'><em>nascitur.</em></span> <span class='ocrx_word' id='word_1_391' title='bbox 2284 3532 2372 3590; x_wconf 88' lang='lat' dir='ltr'><em>A-</em></span> 
     </span>
     <span class='ocr_line' id='line_1_43' title="bbox 370 3598 2318 3677; baseline 0.002 -15"><span class='ocrx_word' id='word_1_392' title='bbox 370 3607 421 3663; x_wconf 90' lang='lat' dir='ltr'><em>ia</em></span> <span class='ocrx_word' id='word_1_393' title='bbox 453 3604 619 3677; x_wconf 84' lang='lat' dir='ltr'><em>igitur</em></span> <span class='ocrx_word' id='word_1_394' title='bbox 651 3600 769 3660; x_wconf 86' lang='lat' dir='ltr'><em>aliis</em></span> <span class='ocrx_word' id='word_1_395' title='bbox 799 3598 1028 3658; x_wconf 83' lang='lat' dir='ltr'><em>infamia</em></span> <span class='ocrx_word' id='word_1_396' title='bbox 1062 3640 1080 3666; x_wconf 92' lang='lat'><strong>,</strong></span> <span class='ocrx_word' id='word_1_397' title='bbox 1118 3617 1222 3675; x_wconf 86' lang='lat' dir='ltr'><em>pro</em></span> <span class='ocrx_word' id='word_1_398' title='bbox 1256 3617 1455 3658; x_wconf 89' lang='lat' dir='ltr'><em>eorum</em></span> <span class='ocrx_word' id='word_1_399' title='bbox 1488 3602 1770 3673; x_wconf 87' lang='lat' dir='ltr'><em>moribus,</em></span> <span class='ocrx_word' id='word_1_400' title='bbox 1810 3606 2318 3665; x_wconf 82' lang='lat' dir='ltr'><em>accommodatior.</em></span> 
     </span>
    </p>

    <p class='ocr_par' dir='ltr' id='par_1_4' title="bbox 348 3675 2372 3839">
     <span class='ocr_line' id='line_1_44' title="bbox 427 3675 2372 3756; baseline 0.002 -17"><span class='ocrx_word' id='word_1_401' title='bbox 427 3689 608 3756; x_wconf 82' lang='lat' dir='ltr'><em>Atque</em></span> <span class='ocrx_word' id='word_1_402' title='bbox 637 3677 796 3735; x_wconf 85' lang='lat' dir='ltr'><em>etiam</em></span> <span class='ocrx_word' id='word_1_403' title='bbox 825 3677 882 3733; x_wconf 84' lang='lat' dir='ltr'><em>in</em></span> <span class='ocrx_word' id='word_1_404' title='bbox 911 3675 1007 3732; x_wconf 85' lang='lat' dir='ltr'><em>hac</em></span> <span class='ocrx_word' id='word_1_405' title='bbox 1028 3676 1291 3755; x_wconf 80' lang='lat' dir='ltr'><em>petitione]</em></span> <span class='ocrx_word' id='word_1_406' title='bbox 1333 3694 1486 3734; x_wconf 87' lang='lat' dir='ltr'><em>nunc</em></span> <span class='ocrx_word' id='word_1_407' title='bbox 1515 3678 1746 3738; x_wconf 88' lang='lat' dir='ltr'><em>tandem</em></span> <span class='ocrx_word' id='word_1_408' title='bbox 1778 3680 1848 3743; x_wconf 87' lang='lat' dir='ltr'><em>de</em></span> <span class='ocrx_word' id='word_1_409' title='bbox 1886 3683 2037 3742; x_wconf 80' lang='lat' dir='ltr'><em>sexto</em></span> <span class='ocrx_word' id='word_1_410' title='bbox 2056 3684 2153 3742; x_wconf 89' lang='lat' dir='ltr'><em>illo</em></span> <span class='ocrx_word' id='word_1_411' title='bbox 2185 3702 2372 3742; x_wconf 86' lang='lat' dir='ltr'><em>mem-</em></span> 
     </span>
     <span class='ocr_line' id='line_1_45' title="bbox 348 3750 2371 3839; baseline 0 -25"><span class='ocrx_word' id='word_1_412' title='bbox 348 3756 451 3816; x_wconf 89' lang='lat' dir='ltr'><em>bro</em></span> <span class='ocrx_word' id='word_1_413' title='bbox 485 3755 599 3830; x_wconf 84' lang='lat' dir='ltr'><em>agit</em></span> <span class='ocrx_word' id='word_1_414' title='bbox 618 3796 635 3824; x_wconf 93' lang='lat'>,</span> <span class='ocrx_word' id='word_1_415' title='bbox 675 3751 833 3831; x_wconf 93' lang='lat' dir='ltr'><em>quod</em></span> <span class='ocrx_word' id='word_1_416' title='bbox 864 3752 1068 3810; x_wconf 87' lang='lat' dir='ltr'><em>ultimo</em></span> <span class='ocrx_word' id='word_1_417' title='bbox 1095 3750 1228 3810; x_wconf 90' lang='lat' dir='ltr'><em>loco</em></span> <span class='ocrx_word' id='word_1_418' title='bbox 1260 3752 1505 3829; x_wconf 73' lang='lat' dir='ltr'><em>positum</em></span> <span class='ocrx_word' id='word_1_419' title='bbox 1537 3756 1752 3815; x_wconf 83' lang='lat' dir='ltr'><em>fuerat:</em></span> <span class='ocrx_word' id='word_1_420' title='bbox 1793 3770 1856 3817; x_wconf 88' lang='lat' dir='ltr'><em>ut</em></span> <span class='ocrx_word' id='word_1_421' title='bbox 1884 3760 2031 3818; x_wconf 88' lang='lat' dir='ltr'><em>bona</em></span> <span class='ocrx_word' id='word_1_422' title='bbox 2057 3760 2128 3823; x_wconf 83' lang='lat' dir='ltr'><em>de</em></span> <span class='ocrx_word' id='word_1_423' title='bbox 2147 3760 2244 3820; x_wconf 87' lang='lat' dir='ltr'><em>illo</em></span> <span class='ocrx_word' id='word_1_424' title='bbox 2264 3761 2371 3839; x_wconf 72' lang='lat' dir='ltr'><em>spes</em></span> 
     </span>
    </p>
   </div>
   <div class='ocr_carea' id='block_1_3' title="bbox 347 3826 2371 3994">
    <p class='ocr_par' dir='ltr' id='par_1_5' title="bbox 347 3826 2371 3994">
     <span class='ocr_line' id='line_1_46' title="bbox 347 3826 2371 3912; baseline 0 -18"><span class='ocrx_word' id='word_1_425' title='bbox 347 3833 415 3895; x_wconf 84' lang='lat' dir='ltr'><em>fit</em></span> <span class='ocrx_word' id='word_1_426' title='bbox 443 3836 505 3896; x_wconf 92' lang='lat' dir='ltr'><em>in</em></span> <span class='ocrx_word' id='word_1_427' title='bbox 535 3849 651 3908; x_wconf 85' lang='lat' dir='ltr'><em>rep.</em></span> <span class='ocrx_word' id='word_1_428' title='bbox 679 3828 839 3910; x_wconf 87' lang='lat' dir='ltr'><em>quod</em></span> <span class='ocrx_word' id='word_1_429' title='bbox 867 3828 960 3891; x_wconf 84' lang='lat' dir='ltr'><em>alii</em></span> <span class='ocrx_word' id='word_1_430' title='bbox 988 3827 1047 3888; x_wconf 88' lang='lat' dir='ltr'><em>in</em></span> <span class='ocrx_word' id='word_1_431' title='bbox 1065 3826 1274 3907; x_wconf 81' lang='lat' dir='ltr'><em>speciem</em></span> <span class='ocrx_word' id='word_1_432' title='bbox 1304 3847 1425 3891; x_wconf 86' lang='lat' dir='ltr'><em>non</em></span> <span class='ocrx_word' id='word_1_433' title='bbox 1471 3831 1595 3894; x_wconf 84' lang='lat' dir='ltr'><em>satis</em></span> <span class='ocrx_word' id='word_1_434' title='bbox 1636 3844 1765 3912; x_wconf 84' lang='lat' dir='ltr'><em>apte</em></span> <span class='ocrx_word' id='word_1_435' title='bbox 1811 3849 2186 3899; x_wconf 83' lang='lat' dir='ltr'><em>mutaverant.</em></span> <span class='ocrx_word' id='word_1_436' title='bbox 2265 3842 2371 3896; x_wconf 86' lang='lat' dir='ltr'><em>At·-</em></span> 
     </span>
     <span class='ocr_line' id='line_1_47' title="bbox 1169 3931 2368 3994; baseline 0.01 -33"><span class='ocrx_word' id='word_1_437' title='bbox 1169 3954 1178 3961; x_wconf 86' lang='lat'><em>.</em></span> <span class='ocrx_word' id='word_1_438' title='bbox 1276 3958 1288 3963; x_wconf 71' lang='grc'><strong>,</strong></span> <span class='ocrx_word' id='word_1_439' title='bbox 2255 3931 2368 3994; x_wconf 84' lang='lat' dir='ltr'><em>que</em></span> 
     </span>
    </p>
   </div>
  </div>
 </body>
</html>
