2514 4438
516 261 1902 355 DE.D1cA·r10.
2170 275 2224 358 v

184 442 312 496 mo
336 412 872 517 perlustrentur,
919 404 1163 482 [mine
1189 403 1432 577 lossui?
1482 405 1669 507 quod
1698 432 1865 485 vero
1891 429 1979 483 ex
2005 431 2085 482 ea
2108 407 2219 489 su-

181 519 387 635 perfit
429 516 505 590 in
537 509 727 588 libris
763 566 787 602 ‚
833 506 1195 597 minimum
1226 503 1250 577 i
1330 503 1461 578 effe
1489 561 1513 597 ‚
1541 512 1898 605 'tamquam
1928 507 2208 611 aliquod

176 643 384 695 mane
413 611 851 688 simulacrum
883 603 1184 704 corporis
1213 602 1577 677 exanimis:
1629 628 1773 698 quo
1803 605 1976 678 eiroe
1988 630 2209 705 neque

179 719 334 793 sciri
361 711 663 816 perfecte
693 769 716 802 ,
761 731 922 780 cum
966 703 1285 802 exiguam
1322 720 1577 801 partem
1606 700 1765 774 libri
1792 702 2209 798 contineant,

180 840 406 916 neque
443 804 879 912 pronunciari
906 803 1218 876 decenter
1249 859 1273 892 ,
1321 826 1480 874 cum
1498 800 1829 873 sermonis
1860 800 2014 873 usus
2048 827 2201 877 cva-
2317 840 2320 845 >

183 916 407 989 nuerit
424 969 448 1005 ‚
489 935 531 983 a
562 906 759 982 nobis
786 901 991 1002 posse.
1088 899 1404 973 Secundo
1436 898 1590 983 loco
1623 899 1921 974 statuunt
1942 925 1959 972 :
1980 919 2059 974 ut
2085 899 2201 973 ab·

184 1013 394 1088 solute
426 1005 686 1110 percipi
717 1062 740 1096 ,
785 999 977 1102 quod
1027 1017 1272 1099 negant
1300 1055 1323 1088 ,
1370 996 1613 1070 Latim
1657 998 1890 1097 lingua
1942 996 2141 1096 poffit
2174 1029 2201 1093 ;

185 1109 408 1193 mirari
436 1116 501 1182 Ie
533 1126 759 1180 tamen
781 1098 977 1174 etiam
1005 1117 1204 1196 atque
1237 1095 1434 1169 etiam
1467 1154 1491 1188 ,
1537 1120 1662 1170 cur
1697 1094 2089 1169 industriam
2121 1097 2197 1172 in

184 1237 260 1285 ea
288 1202 715 1309 perdiscenda
740 1221 879 1274 tarn
906 1196 1292 1272 diuturnam
1324 1217 1672 1292 ponamus.
1721 1194 1893 1268 vitio
1917 1192 2197 1294 quidem

182 1309 255 1384 id
287 1309 435 1382 fieri
459 1299 827 1383 voluntatis
855 1297 929 1370 &
955 1293 1196 1395 judicii
1229 1319 1248 1365 t
1316 1292 1708 1392 dignimtem
1739 1291 1811 1364 in
1841 1318 1911 1364 re
1939 1314 2191 1368 tantam

179 1418 327 1481 non'
357 1405 488 1478 effe
515 1461 540 1496 ,
587 1419 668 1474 ut
702 1400 952 1472 haereoe
977 1417 1098 1491 per
1120 1410 1226 1465 tot
1254 1414 1465 1464 annos
1508 1389 1582 1462 in
1632 1389 1764 1462 hoc
1813 1389 2037 1462 studio
2078 1393 2196 1464 de·
2279 1462 2284 1469 ,
2365 1442 2380 1451 .

174 1506 480 1579 beamus.
570 1493 1024 1575 Concludunt
1051 1489 1393 1590 postremo
1429 1516 1447 1570 ς
1514 1508 1595 1561 ut
1638 1488 1724 1562 de
1751 1485 2045 1585 perfecta
2074 1513 2194 1563 co-

177 1602 492 1708 gnitione
513 1658 538 1694 ‚
584 1600 672 1685 de
714 1592 1036 1700 dignitate
1079 1614 1158 1663 ac
1186 1587 1558 1687 praestantia
1587 1585 1991 1669 concedatur
2022 1617 2044 1679 3
2093 1607 2193 1662 ta-

179 1726 340 1787 men
366 1700 498 1789 csse
529 1757 552 1792 ‚
598 1720 760 1771 cum
789 1751 813 1785 ,
861 1716 937 1766 ea
978 1687 1165 1788 pulss
1197 1746 1220 1781 ‚
1269 1686 1636 1760 successtrit
1677 1685 1802 1758 alia
1833 1743 1856 1777 ‚
1907 1684 2188 1761 minime

182 1799 619 1892 necessariam.
719 1795 900 1868 Haec
927 1788 1068 1863 isti:
1116 1812 1275 1886 quae
1306 1785 1518 1883 specie
1540 1782 1798 1882 aliquid
1829 1783 2186 1878 videntur3

178 1927 305 2004 ego
339 1957 364 1992 ‚
409 1923 485 1973 re
520 1894 692 1970 nihil
722 1891 852 1966 effe
891 1945 914 1979 ‚
963 1887 1015 1958 fi
1046 1886 1322 1983 quando
1348 1908 1458 1977 me
1495 1883 1819 1981 praesente
1843 1880 2184 1990 disputan..

110 2056 111 2063 κ
176 2021 322 2093 tur,
369 1995 679 2071 ostendo,
728 1985 1052 2064 convenit
1082 1984 1256 2058 inter
1290 2007 1451 2073 nos-0³,
1495 1980 1626 2054 efl‘e
1649 1978 1904 2078 aliquid
1936 2003 2010 2051 1n
2034 2005 2187 2055 orn-

174 2100 370 2188 nibus
406 2088 832 2170 facultatibus
875 2106 1076 2185 atque
1108 2082 1363 2157 artibus
1390 2098 1771 2153 extremum
1802 2108 1825 2171 3
1871 2102 2018 2177 quo
2058 2103 2186 2153 no·

177 2198 300 2289 stra
347 2194 569 2270 studia
610 2214 772 2265 cum
802 2180 1228 2287 pervenerint
1254 2240 1278 2275 ‚
1342 2176 1840 2280 quiescendum.
1891 2174 2002 2251 sed
2051 2178 2187 2254 hoc
2275 2261 2282 2269 ,

170 2317 555 2387 extremum
600 2286 849 2402 quibus
892 2280 1194 2359 terminis
1237 2282 1561 2354 metimur
1589 2337 1612 2370 ,
1670 2276 1770 2350 rei
1817 2302 1905 2350 ne
1947 2296 2181 2352 natura

173 2422 251 2471 an
279 2391 487 2493 vulgi
515 2384 895 2502 opinione?
948 2382 1000 2454 fi
1047 2380 1371 2477 opinione
1412 2376 1609 2476 vulgi
1643 2404 1662 2450 z
1735 2375 1891 2449 licet
1940 2398 2188 2473 prope·

175 2496 462 2580 modum
488 2489 695 2564 onos&
723 2485 953 2564 vivere
984 2507 1002 2555 ε
1055 2475 1418 2551 mediocria
1444 2532 1468 2567 ‚
1511 2499 1669 2585 qux
1711 2491 2036 2571 putantur
2062 2498 2183 2545 ex-

172 2594 407 2666 cellere
438 2645 463 2680 ,
509 2607 889 2689 quaeramus
924 2608 943 2656 ε
1006 2575 1080 2651 id
1127 2574 1270 2652 fatis
1315 2573 1414 2645 est
1448 2600 1467 2645 t
1537 2571 1651 2643 1112
1691 2577 1949 2642 {umma
1975 2626 1999 2661 ‚
2059 2569 2184 2644 ubi

175 2691 516 2765 summum
545 2687 750 2760 decus
787 2678 1036 2754 habitat
1073 2731 1096 2766 ,
1141 2698 1301 2772 quae
1330 2670 1583 2770 vulgus
1613 2668 1877 2768 ignorat
1909 2725 1933 2758 ‚
1981 2667 2183 2741 omit-

171 2809 410 2864 tamus.
462 2786 564 2859 fin
604 2801 985 2867 extremum
1034 2773 1207 2856 illud
1254 2768 1384 2844 esti:
1431 2766 1755 2843 volumus
1786 2823 1811 2858 ‚
1858 2789 2002 2866 quo
2028 2790 2182 2864 per.

168 2910 456 2964 ventum
487 2908 648 2958 cum
678 2880 774 2953 est
790 2937 811 2972 ,
857 2870 1173 2975 progredi
1203 2868 1476 2968 longius
1505 2890 1657 2938 non·
1682 2865 1839 2939 licet
1876 2892 1892 2940 ε
1945 2864 2180 2938 mode-
2231 2891 2240 2908 ·

168 3005 289 3061 rata
321 2984 546 3059 studia
587 3005 731 3068 non
778 2978 1055 3050 dantur.·
1090 2968 1455 3069 perfectam
1503 2964 1683 3038 enirn
1714 2962 2003 3038 scientiae
2034 2962 2176 3036 lau-

168 3086 316 3159 dem
344 3080 622 3182 adipisci
651 3136 675 3171 ‚
719 3070 997 3150 maximi
1038 3068 1263 3168 operis
1290 3065 1389 3140 est
1425 3092 1441 3138 ε
1510 3064 1731 3162 itaque
1780 3063 1912 3136 hoc
1961 3080 2182 3135 extre·

170 3207 363 3259 mum
381 3240 404 3277 ,
449 3178 676 3280 quod,
721 3174 967 3274 opinor
1000 3227 1024 3262 ‚
1071 3185 1302 3240 natura
1331 3162 1525 3239 novit
1553 3185 1690 3234 una
1713 3217 1738 3252 ‚
1785 3159 2034 3258 sapiens
2059 3183 2177 3232 ne·

168 3306 275 3371 mo
306 3303 642 3379 umquam
672 3274 736 3348 se
767 3269 1028 3371 putavit
1059 3265 1187 3339 effe
1217 3262 1671 3337 consecutum.
1720 3259 1979 3332 exstant
1993 3317 2016 3350 ,
2063 3256 2175 3331 lit-

166 3387 455 3454 terarum
486 3371 847 3450 clariffimis
872 3368 1096 3443 testata
1118 3358 1612 3450 monumentiS,
1654 3356 1963 3456 exempla
1991 3360 2174 3429 sum-

165 3489 436 3553 morum
468 3469 1032 3574 philosophorum
1064 3494 1086 3556 3
1133 3461 1255 3561 qui
1302 3484 1465 3534 cum
1511 3474 1772 3531 aetatem
1820 3456 1894 3528 in
1920 3452 2171 3527 abdita-

165 3579 315 3651 rum
366 3598 597 3648 rerum
624 3563 1086 3670 perscrutanda
1112 3558 1346 3633 notitia
1371 3553 1833 3631 contrivissent·
1853 3608 1878 3644 ,
1919 3550 2172 3625 multa-
2279 3561 2282 3568 ⁴

165 3699 290 3774 que
323 3673 572 3776 partim
604 3667 892 3770 legendo
920 3660 1163 3763 partim
1192 3655 1555 3757 cogitando
1583 3652 1898 3751 praeclara
1924 3650 2000 3723 ὃ(
2028 3648 2173 3722 exi·-

166 3774 294 3852 mia
324 3769 757 3875 reperiffent5
804 3764 1007 3842 latere
1030 3780 1255 3843 tamen
1261 3755 1505 3938 {dhuc
1536 3810 1567 3858 ,ἴ
1605 3749 1867 3853 magnis
1904 3746 2184 3833 involat
