2514 4438
277 243 365 294 η
555 218 856 299 ΕΡιετ.
905 212 1550 315 'ADQUI-NTUM
1591 213 2096 300 Fam-nnn
2177 237 2192 251 ”

260 344 361 421 fia
390 341 606 442 potest
634 339 764 414 effe
792 397 815 431 ‚
862 338 935 412 in
970 362 1117 440 qua·
1133 357 1313 412 tanta
1338 337 1710 414 multitudo
1742 340 2001 418 civium
2029 395 2055 435 ,
2105 360 2295 422 tanta

276 443 612 517 sociorum
626 496 651 531 ‚
697 459 800 512 tot
828 437 1029 513 urbes
1057 495 1081 530 ‚
1125 456 1231 510 tot
1265 436 1560 512 civitates
1590 439 1793 513 unius
1824 439 2118 518 hominis
2153 471 2294 519 nu·-

272 562 426 617 tum
455 540 848 614 intuentur?
898 536 1020 611 ubi
1053 549 1079 599 3
1096 546 1127 593 ¹,
1156 535 1430 627 nullum
1457 537 1787 620 auxilium
1815 539 1914 613 est
1931 598 1956 632 ‚
2008 553 2073 603 3²
2100 543 2298 619 nulla

274 638 672 739 conquestio
707 666 747 729 s
794 636 1022 711 nullus
1064 638 1321 710 senatus
1355 636 1378 726 ,’
1438 635 1651 710 nulla·
1670 638 1912 713 concio
1942 640 1974 712 ?
2050 641 2294 741 Qare

273 736 812 838 cimffpermagni
828 734 1125 810 hominis
1149 736 1248 808 est
1263 794 1285 827 ‚
1332 736 1407 808 &
1437 732 1598 810 cum
1630 736 1767 837 ipsa
1793 756 2023 813 natura
2049 742 2298 814 mode-2

254 839 398 912 ‘rati
411 857 597 929 ‚tum
625 834 791 911 vero
815 835 1014 909 etiam
1040 833 1349 908 doetrina
1374 853 1573 934 atque
1600 836 2008 934 optimarum
2035 841 2289 915 artium

279 937 519 1011 studiis
553 935 797 1007 eruditi
828 991 850 1024 ‚
911 933 1002 1007 fic
1046 934 1111 1006 se
1136 933 1454 1007 adhibere
1479 935 1760 1008 intanta
1788 937 2104 1033 potestate
2132 996 2157 1031 ,
2199 959 2292 1014 ut

276 1035 468 1110 nulla
490 1032 614 1107 alia
641 1033 930 1132 potestas⁴
948 1032 1034 1106 ab
1062 1032 1140 1106 iis
1170 1031 1419 1132 quibus
1445 1032 1581 1132 ipse
1614 1034 1836 1134 praefit
1859 1034 2292 1115 defideretun

282 1184 289 1187 μ
377 1147 437 1220 ς.
489 1132 554 1207 8.
606 1143 669 1195 33
693 1133 926 1232 Cyrus
967 1132 1083 1205 ille
1129 1131 1171 1204 zi
1205 1132 1670 1230 Xenophonte
1699 1158 1843 1206 non
1867 1134 1950 1208 ad
1984 1135 2298 1212 h1st0riae=

276 1235 487 1307 fidem
505 1230 782 1330 scriptus
800 1230 942 1322 5sed
957 1232 1038 1304 ad
1067 1231 1364 1330 effigiem
1373 1231 1830 1330 justiimperii
1854 1261 1870 1306 ε
1890 1234 2080 1333 cujus
2097 1236 2290 1317 sum-

268 1358 389 1406 ma
417 1328 702 1432 gravitas
736 1330 822 1404 ab
853 1329 975 1403 illo
989 1329 1402 1428 philolopho
1431 1330 1935 1431 cumfingulari
1964 1332 2291 1410 comitate

269 1428 753 1530 conjungitur:
800 1428 1287 1530 quosquidem
1316 1427 1534 1504 libros¹
1553 1454 1697 1504 non
1732 1427 1870 1504 fine
1896 1431 2083 1505 caufit
2107 1437 2291 1511 ,nol-

266 1551 376 1605 ter
401 1529 518 1603 ille
548 1528 904 1607 Africanus
934 1528 1019 1601 de
1047 1527 1356 1602 manibus
1380 1554 1646 1639 ponere·
1664 1550 1806 1603 non
1819 1529 2070 1606 ‘solebat
2087 1560 2104 1607 ε
2122 1533 2294 1607 nul-

274 1630 430 1703 lum
478 1626 601 1701 est.
619 1628 802 1700 enim
832 1626 1347 1726 praetermiss'um
1373 1653 1448 1701 m
1477 1629 1576 1702 eis
1597 1628 1905 1719 officium
1934 1629 2286 1732 diligentis

273 1729 353 1802 &
380 1725 704 1809 moderati
734 1724 1020 1824 imperii.
1046 1751 1255 1824 eaque
1283 1725 1360 1801 fi-
1376 1726 1489 1804 fic,
1510 1727 1727 1803 coluit
1737 1729 1867 1822 jue
1897 1729 2018 1830 qui
2049 1728 2282 1828 priva-

270 1830 383 1901 tus
413 1824 683 1899 futurus
714 1850 1090 1925 numquam
1121 1824 1253 1901 fuit
1281 1883 1306 1918 ‚
1352 1852 1653 1925 quonam
1682 1827 1894 1901 modo
1934 1828 2276 1902 retinenda

202 2001 206 2005 4
271 1925 430 2000 sunt
468 1923 547 1998 iis
577 1954 609 2015 ,-
694 1924 895 1998 uibus
936 1923 1297 2023 imperium
1341 1924 1429 1999 ita
1471 1925 1716 2001 datum
1739 1927 1836 2000 est
1866 1985 1888 2018 ‚
1935 1945 2013 2001 ut
2042 1926 2279 2003 redde-

277 2032 428 2098 re'nt
454 2080 478 2115 ‚
548 2023 622 2095 δί
647 1950 733 2095 gb
767 2022 848 2095 iis
877 2023 1142 2124 legibus
1158 2090 1159 2093 ,
1175 2023 1407 2099 datum
1435 2025 1532 2097 est
1562 2083 1584 2116 ‚
1629 2026 1711 2099 ad
1746 2052 1907 2125 quas
1938 2046 2275 2102 reverten-

240 2214 243 2217 .
275 2123 446 2197 dum
489 2120 588 2193 est
618 2121 648 2194 ?
718 2122 824 2194 Ac
871 2123 1041 2194 mihi
1072 2121 1350 2223 quidem
1377 2123 1695 2201 videntur
1722 2125 1860 2199 huc
1890 2125 2117 2198 omnia
2142 2124 2276 2198 effe

276 2219 614 2295 referenda
643 2219 722 2294 iis
753 2222 874 2320 qui
908 2229 1202 2321 pmelunt
1230 2223 1371 2297 aliis
1405 2281 1427 2314 ,
1472 2246 1551 2308 ut
1581 2225 1626 2297 ii
1656 2225 1775 2325 qui
1806 2244 2004 2299 erunt
2030 2249 2274 2298 eorum

274 2322 350 2394 in
383 2318 669 2416 imperio
696 2318 824 2392 fint
899 2320 1060 2394 uiim
1089 2321 1474 2396 beatiffimi:
1530 2326 1717 2422 quod
1746 2322 1869 2397 tibi
1896 2323 1971 2396 &
1996 2324 2125 2397 effe
2152 2349 2273 2396 an-

273 2418 716 2521 tiquiflimurn
743 2419 818 2491 &
852 2446 888 2493 a
963 2419 1157 2494 initio
1184 2418 1377 2495 fuiss'e
1404 2472 1428 2511 ‚
1477 2442 1557 2495 ut
1582 2420 1883 2521 primum
1911 2420 2138 2495 Afiam
2172 2442 2273 2496 at-

272 2518 482 2619 tigisti
506 2576 530 2611 ,
575 2517 916 2592 constante
956 2519 1129 2592 fama
1172 2538 1371 2619 atque
1403 2522 1719 2616 omnium
1760 2520 2061 2594 sermone
2090 2521 2267 2595 cele-

270 2617 537 2692 bratum
576 2617 694 2690 est.
793 2617 919 2690 Est
954 2638 1174 2692 autem
1222 2644 1365 2692 non
1396 2619 1607 2693 modo
1635 2622 1775 2721 ejus
1807 2613 1928 2719 qui
1955 2618 2146 2693 sociis
2190 2620 2269 2693 &1
2333 2709 2338 2712 ,

272 2716 570 2808 civibu8‚
617 2716 726 2789 led
757 2716 953 2791 etiam
981 2719 1121 2814 ejus
1149 2718 1269 2816 qui
1296 2717 1494 2794 servis
1525 2718 1646 2818 qui
1661 2719 1865 2796 mutis
1894 2716 2271 2815 pecudibus

271 2815 528 2916 praefit,
573 2838 847 2904 eorum,
895 2816 1142 2913 quibus
1173 2817 1424 2914 praefit‚
1473 2817 1849 2891 commodis
1865 2816 2271 2916 utilitatique

270 2913 535 2985 servire.
634 2913 853 3011 Cujus
899 2914 1178 3012 quidem*
1207 2917 1465 3013 generis
1498 2917 1797 2989 constare
1829 2915 2003 2988 inter
2029 2941 2266 2989 omnes

271 3008 509 3101 videO,
554 3008 668 3082 abs
699 3030 764 3083 te
797 3011 1126 3085 summam
1151 3013 1449 3088 adhiberi
1480 3013 1932 3115 diligentiam&
1991 3015 2262 3088 nullum

1020 3133 1027 3138 “
1988 3125 1992 3128 “
2173 3136 2266 3186 aes

330 3266 402 3307 31.
437 3254 615 3301 Nullum
639 3254 849 3300 auxilium
873 3253 927 3312 est
953 3285 968 3308 ,
1007 3254 1126 3300 nulla
1150 3247 1236 3299 cdn·
1285 3252 1566 3315 pervincunt.
1625 3250 1705 3299 Est
1749 3262 1904 3299 autem
1939 3250 2012 3299 hic
2035 3246 2260 3311 hypexba-

269 3315 460 3373 questio]
490 3318 558 3362 Sic
583 3329 749 3362 omnes
777 3315 875 3362 libri
900 3314 1053 3363 nostri.
1086 3315 1242 3375 itaque
1288 3329 1385 3363 ton.
1447 3314 1622 3361 Idcirco
1655 3312 1776 3361 infra
1801 3346 1815 3369 ,
1856 3311 2133 3362 laccurrendi
2157 3325 2260 3359 me-

267 3375 319 3424 id
349 3376 639 3424 retinebimus
665 3410 679 3432 ,
709 3390 804 3423 non
837 3376 1035 3424 admiffo
1059 3380 1100 3424 Ρ.
1133 3380 1233 3423 Ma-
1292 3378 1447 3425 moriae
1472 3377 1654 3425 lectotis
1712 3381 1824 3425 tatia
1847 3410 1861 3431 ‚
1886 3373 2019 3436 quali
2044 3387 2173 3421 novo
2203 3387 2259 3420 o·

276 3438 394 3485 nutii
415 3439 607 3502 qyaestio:
640 3438 1037 3501 intelligemul'que
1059 3438 1116 3486 de
1143 3440 1234 3486 col·
1287 3439 1477 3485 rationis
1504 3437 1639 3486 initio
1663 3391 2105 3499 fiastossubjungitut
2126 3436 2260 3499 quod

271 3499 388 3562 legis
409 3533 422 3553 ‚
455 3514 505 3549 ut
529 3500 712 3548 volebat
736 3500 1025 3548 Gulielmius.
1061 3504 1182 3547 Grut.
1290 3503 1350 3548 illi
1380 3499 1592 3564 superioti
1610 3500 1904 3561 respondeat,
1935 3518 1984 3547 ea
2005 3499 2142 3559 igitur
2157 3498 2258 3556 filie

305 3577 378 3616 32·
392 3563 525 3609 Nulla'
537 3563 772 3622 conquestio,
784 3564 924 3609 nullus
926 3563 1095 3622 senatus
1114 3566 1243 3619 JMa·
1291 3566 1381 3611 διε.
1440 3563 1738 3625 Qatenus&
1760 3574 1788 3608 a
1810 3561 1914 3611 vitis
1938 3560 2089 3609 dostis
2107 3558 2257 3607 obser-

274 3626 407 3671 nmio
429 3627 578 3687 magis
601 3627 746 3687 placet
769 3623 895 3671 utita
916 3625 1118 3687 legatur,
1149 3629 1224 3672 nul
1291 3637 1450 3673 vatum
1477 3623 1541 3673 est
1564 3658 1579 3681 ,
1599 3673 1606 3680 ,
1623 3626 1675 3673 δε
1707 3636 1797 3670 nos
1834 3624 1941 3673 alibi
1973 3622 2260 3672 notavimus»

271 3689 317 3733 Ia
338 3686 498 3747 quaestio
523 3720 537 3743 ,
566 3685 613 3735 id
635 3686 699 3734 est
715 3720 730 3743 ,
758 3689 920 3733 nullum
939 3687 1145 3745 judicium
1164 3685 1239 3733 'ad-
1295 3691 1527 3735 Lambinus.
1831 3721 1832 3724 η
1866 3686 1869 3689 ’

270 3749 414 3805 versus
435 3748 739 3809 magstratum.
774 3746 1038 3796 Lambinus.
1355 3757 1481 3807 cyrus
1502 3753 1573 3798 ulle
1595 3766 1623 3795 a
1644 3749 1899 3809 Xenophonte
1921 3765 1999 3796 mm
2021 3748 2079 3793 ad
2089 3745 2259 3806 heytoriq

333 3824 405 3863 33·
439 3814 629 3868 Sicyrus
651 3813 760 3867 illm]
788 3808 858 3858 Sic
879 3808 968 3857 ess'e
992 3807 1241 3873 legendum
1285 3810 1414 3869 ficiem
1429 3813 1602 3873 scriptus
1625 3810 1717 3865 est,
1741 3810 1830 3868 fed]
1864 3814 1935 3857 lta
1959 3809 2171 3873 ietiptum
2193 3807 2259 3857 est

268 3872 320 3922 &
355 3871 473 3922 tatio
512 3874 563 3923 δι
600 3869 821 3935 sexiptuiae
858 3870 1023 3922 vetetis
1058 3872 1241 3937 vestigia
1289 3872 1337 3921 iu
1360 3873 1555 3937 antiquo
1576 3873 1710 3923 libio.
1740 3872 1937 3933 ναίηται.
