2514 4438
298 244 445 322 268
701 241 1160 312 PALEnmt
1209 234 2006 310 COMMENTARHJS

373 365 500 436 Qu
521 371 658 435 potes
655 399 700 439 a
732 375 836 433 φα
868 354 1035 432 debes]
1074 350 1146 411 ad
1180 352 1294 412 duo
1328 351 1699 426 praecedentia
1736 353 1901 412 verba
1936 355 2303 431 respondent
2332 381 2352 420 z

288 450 462 516 potes,
501 436 631 511 quia
662 446 854 491 natura
885 434 944 488 ὅς
975 427 1149 498 studia
1179 429 1513 508 largiuntur3
1536 428 1704 497 debes,
1743 430 1875 507 quia
1907 434 2052 491 ratio
2084 443 2317 510 tempo

297 516 372 573 'ris
406 510 685 571 desiderat.
763 508 977 566 Natura
1024 503 1082 564 8(
1125 505 1300 563 studia
1330 504 1492 572 simul
1516 504 1709 580 juncta
1780 506 2049 568 lurirnum
2080 510 2290 568 valent
2312 533 2341 580 3

299 603 362 658 ut
382 607 465 666 ep.
487 586 679 664 31.1ib.
704 603 789 643 10.
805 585 936 642 fam.
976 592 1188 644 Natura
1203 601 1316 639 mea
1349 599 1416 655 φ·
1434 581 1610 654 studia
1641 594 1694 637 tr
1765 587 2087 657 untmssoe,
2127 586 2342 646 Tern—

302 683 404 741 pus
436 681 574 721 vero
601 680 704 739 pro
732 658 1044 719 necestitate
1077 659 1137 715 &
1154 657 1409 732 praesenti
1422 658 1655 731 negotio
1673 659 1933 732 ponitur:
1953 653 2103 720 ficin
2120 679 2337 738 Ριόοε-1

303 743 425 801 mio
455 740 547 799 lib.
581 757 634 797 2.
667 735 765 797 off.
909 750 1061 794 ntum
1081 732 1402 809 supeffuerat
1430 734 1712 808 amicorum
1743 751 1811 795 co·
1841 738 1955 813 reip.
1974 739 2292 816 temporibus
2320 758 2338 798 τ

302 819 364 877 &
397 818 457 876 in
489 827 626 876 orat.
657 831 761 890 pro
792 755 1031 872 mitia:
1073 817 1130 867 A
1162 810 1354 867 nullius
1384 829 1731 887 meumquam
1749 824 1961 888 tempore
1973 829 2075 876 aut
2091 834 2334 872 commo.

303 894 366 966 do
385 935 402 963 ,
440 908 536 960 aut
567 892 727 958 otium
754 907 925 948 meum
954 886 1262 962 abstraxerit
1293 888 1421 947 &cz
1460 886 1535 958 Et
1566 886 1741 946 infra:
1768 886 1824 966 fi
1852 889 1944 966 looc
1973 904 2065 967 ruo
2098 906 2337 980 tempore

306 990 409 1028 non
428 967 779 1045 fitiffecerint.
995 999 1000 1008 ι
1785 972 1791 979 ·

386 1056 507 1103 Non
533 1044 630 1100 erit
658 1041 850 1114 difficile
877 1055 1132 1102 certamen
1161 1060 1278 1099 cum
1306 1039 1366 1097 iis
1380 1039 1798 1122 competitoribus]
1838 1043 2021 1119 scripti
2037 1044 2333 1106 omittunt

380 1122 478 1180 rtic
520 1121 629 1179 lam
667 1139 800 1176 cum.

306 1140 846 1280 paQiunequaquam
864 1192 999 1269 sunt
1015 1208 1128 1258 tam
1135 1212 1308 1269 genere
1320 1192 1528 1281 infignes
1545 1236 1563 1263 ‚
1581 1215 1743 1275 quam
1761 1194 1904 1270 vifiis
1919 1196 2129 1277 nobiks]
2172 1214 2325 1273 quos

307 1293 480 1352 quam
517 1273 731 1331 extollit
760 1271 1014 1332 nobilitas
1034 1312 1051 1339 ,
1090 1282 1203 1329 tam
1237 1272 1556 1346 deprimunt
1570 1273 1724 1331 vitia.

389 1350 586 1410 Nobiles
616 1348 787 1426 vitiis]
829 1346 970 1424 bene
1003 1349 1168 1422 elegit
1200 1348 1537 1420 vocabulum
1572 1347 1823 1410 medium
1858 1389 1875 1417 ,
1915 1347 2107 1407 nobile
2141 1369 2159 1415 ;
2200 1365 2319 1425 quo

243 1491 250 1494 ,
306 1426 638 1502 significatur
668 1421 941 1502 quidquid
973 1423 1028 1481 in
1060 1441 1117 1482 re
1147 1424 1238 1490 vel
1272 1424 1418 1483 bona
1450 1423 1542 1481 vel
1575 1426 1718 1501 mala
1749 1425 1824 1483 ita
1853 1437 2063 1483 notum
2097 1423 2160 1481 fit
2194 1467 2212 1492 ‚
2249 1437 2314 1481 ut

309 1504 552 1566 excellat.
594 1504 785 1577 Quare
820 1510 957 1557 orat.
976 1518 1026 1572 4.
1061 1500 1117 1557 in
1153 1500 1313 1558 Verr.
1345 1499 1579 1569 dicitur,
1602 1501 1813 1575 facinus
1843 1499 2032 1560 nobile:
2077 1502 2244 1560 &lin
2266 1518 2313 1556 2.

309 1578 408 1713 gff.
443 1579 713 1712 nolzlitata
746 1575 1036 1651 Phalaridis
1062 1578 1345 1634 crudelitas.
1386 1577 1644 1671 Itemque
1661 1620 1679 1647 ,
1719 1576 1893 1654 nobilis
1908 1580 2154 1652 meretrix
2174 1621 2191 1648 ,
2230 1597 2315 1632 no—

343 1657 420 1722 ilis
567 1656 713 1712 iator.

387 1677 683 1867 aggeum
716 1728 912 1806 reperiri
930 1727 1337 1807 tamimprobtos]
1379 1731 1472 1792 vix
1490 1729 1789 1800 verifimile
1845 1739 1961 1800 utat
1982 1770 2002 1798 ‚
2041 1741 2107 1795 ut
2127 1729 2315 1807 aliquis

313 1808 392 1868 eis
420 1817 439 1867 1
527 1819 776 1880 ragetur,
818 1805 1123 1882 quos‘reip.
1158 1799 1495 1879 perniciosos
1528 1804 1652 1866 fore
1686 1747 1970 1892 intefiigat.

396 1893 502 1942 Uno
523 1879 690 1961 suffra
719 1884 790 1962 io]
834 1900 953 1942 non
983 1887 1199 1957 poterat
1231 1881 1363 1958 quis¹
1386 1898 1496 1941 una
1526 1882 1720 1947 tabella
1749 1881 1996 1959 utruque
2026 1880 2315 1956 suffragari,

315 1962 468 2028 Nam
501 1961 561 2022 in
591 1961 651 2020 su
698 1960 851 2034 mgiis
884 1956 1124 2018 ferendis
1143 2000 1160 2025 ‚
1198 1970 1286 2015 tot
1316 1959 1529 2019 tabellae
1559 1971 1702 2040 quot
1730 1969 1887 2017 erant
1915 1958 2196 2016 candidati
2226 1956 2316 2014 da-

314 2038 546 2098 bantur:
588 2038 678 2098 sed
704 2036 858 2097 idem
892 2035 966 2094 est
999 2033 1155 2111 quod
1186 2035 1301 2108 unis
1330 2035 1591 2105 comitiis,'
1618 2031 1679 2095 ὃ(
1711 2055 1811 2096 uno
1830 2048 2041 2113 tempore
2059 2033 2253 2092 tabellis
2268 2034 2321 2108 in

312 2115 489 2186 cistam
516 2115 755 2199 coaeyeciis.
831 2113 925 2171 De
956 2129 1071 2188 quo
1106 2128 1301 2180 more,
1339 2107 1467 2170 Nic.
1486 2112 1762 2172 Gruchius
1789 2110 1859 2169 de
1886 2111 2147 2179 comitiis,

394 2199 546 2248 Duas
573 2209 630 2247 m
661 2203 811 2266 remp.
818 2187 1270 2267 ficasdist'ringere]
1312 2206 1411 2264 per
1443 2186 1571 2247 ficas
1591 2231 1608 2256 ‚
1650 2188 2042 2265 metonymice
2062 2187 2319 2246 homines

315 2266 567 2334 ficarios,
608 2266 664 2337 id
690 2266 801 2333 cst,
841 2265 1139 2322 Catilinam
1174 2265 1568 2337 &Antonium
1585 2266 1874 2340 intelligit;
1913 2265 2012 2341 qui
2025 2263 2175 2342 quafi
2192 2263 2321 2321 duae

318 2344 444 2403 ficae
476 2341 647 2401 effent
680 2341 852 2401 futuri
883 2353 1076 2399 contra
1093 2357 1268 2418 remp.
1302 2338 1342 2397 fi
1360 2340 1607 2399 consules
1624 2352 1955 2403 crearentur.
1994 2342 2104 2399 Hic
2122 2351 2313 2407 autem

318 2419 590 2497 loquendi
622 2418 824 2478 modus
856 2418 930 2476 est
965 2418 1135 2476 etiam
1168 2417 1317 2491 apud
1349 2417 1433 2474 M.
1451 2417 1571 2477 Cic.
1604 2418 1663 2475 in
1679 2418 1818 2477 orat.
1835 2419 1891 2483 in
1906 2430 2039 2492 toga
2057 2415 2318 2474 candida:

317 2506 475 2561 ,Duas
504 2517 606 2554 uno
640 2508 852 2572 tempore
885 2509 1139 2563 conantur
1169 2494 1222 2550 in
1256 2507 1408 2570 remp.
1431 2486 1565 2569 ficas
1593 2495 1905 2571 distringere:
1946 2495 2006 2567 in
2032 2492 2174 2563 orat.
2192 2510 2243 2570 3.
2261 2492 2318 2549 in

321 2574 484 2632 Catil.
519 2572 723 2630 Gladios
755 2572 812 2628 in
841 2584 993 2645 remp‘
1026 2570 1272 2638 distrifflos
1287 2570 1626 2628 retundimus.

324 2724 379 2782 ἃ
399 2650 661 2723 Quoniam
677 2646 832 2725 igitur
863 2666 966 2724 qua
973 2644 1228 2723 subsidia]
1275 2643 1559 2703 Transitio
1591 2648 1661 2706 ad
1693 2646 1994 2711 secundum
2023 2647 2191 2724 hujus
2219 2657 2322 2707 trae

381 2741 497 2783 atus
531 2743 592 2784 ea
635 2736 712 2781 ut.

400 2742 740 2875 Consuliitum
764 2798 916 2875 petis]
960 2813 1088 2853 cum
1122 2796 1362 2873 quadam
1400 2798 1644 2875 emphasi
1673 2800 1786 2867 hoc
1801 2797 2013 2857 dietum
2033 2799 2126 2856 est.
2167 2799 2323 2862 Idem

325 2879 481 2935 enim
516 2877 698 2941 valet,
737 2890 800 2930 ac
832 2872 873 2929 fi
908 2890 1024 2930 rem
1061 2875 1366 2933 maximam
1398 2874 1606 2934 diceret
1639 2918 1656 2943 ,
1736 2893 1867 2934 uam
1897 2876 2122 2932 summo
2154 2878 2320 2947 etiam

318 2954 508 3013 labore
538 2952 633 3009 vix
668 2948 933 3024 consequi
967 2948 1144 3024 poffit.
1184 2949 1248 3009 ld
1282 2951 1440 3027 quod
1470 2971 1502 3012 a
1536 2954 1695 3027 Quin
1753 2970 1792 3009 ο
1826 2943 2077 3010 consulto
2112 2952 2322 3010 fastum

321 3029 433 3098 cst,
471 3041 532 3085 ut
564 3024 828 3099 intelligat
862 3026 1101 3093 Cicero,
1141 3042 1212 3084 eo
1247 3029 1523 3105 majorem
1556 3028 1923 3086 adhibendam
1943 3027 2286 3102 diligentiam
2311 3073 2327 3106 2

362 3122 440 3162 uo
476 3122 557 3162 res
588 3101 862 3161 difficilior
895 3102 985 3160 est.
1062 3108 1362 3178 Augeamus
1380 3104 1701 3181 suspicionem
1721 3147 1737 3172 ,
1778 3103 2065 3181 augebimus
2081 3104 2247 3181 fimul
2265 3124 2327 3167 ες·

317 3124 630 3256 diligentiam
651 3222 666 3247 ‚
706 3178 921 3255 inquit,
961 3180 1018 3236 in
1053 3190 1191 3237 orat.
1223 3197 1326 3255 pro
1343 3178 1571 3239 Marcel.
1610 3180 2013 3251 Difficultatem
2027 3197 2170 3240 vero
2186 3182 2331 3240 duo·

322 3259 421 3316 bus
456 3258 734 3332 praecipue
767 3253 948 3314 modis
983 3254 1220 3333 ostendit
1238 3278 1257 3324 3
1300 3258 1360 3314 &
1394 3273 1463 3315 ex
1497 3252 1578 3315 rei
1610 3257 1994 3333 magnitudine
2069 3258 2216 3327 &ex
2233 3257 2327 3317 ad-

322 3332 659 3393 versantium
692 3330 892 3390 studiis.
929 3332 1123 3408 Atque
1157 3332 1215 3389 in
1249 3332 1353 3391 hac
1380 3333 1597 3392 ratione
1617 3376 1634 3403 ,
1674 3332 1790 3398 duo
1805 3298 2328 3410 genera'hominum

320 3408 612 3486 spectanda
641 3408 718 3467 illi
748 3408 1013 3483 proponit
1029 3430 1048 3474 ;
1089 3404 1422 3468 adversarios
1453 3411 1624 3479 ali03,
1662 3428 1694 3468 a
1750 3412 1912 3483 uibus
1928 3423 2122 3469 caveat
2141 3434 2159 3479 ;
2194 3412 2327 3469 alios

323 3489 534 3547 amicos
554 3529 573 3557 ,
609 3502 852 3563 quorum
886 3484 1093 3542 auxilio
1125 3486 1345 3544 nitatur.
1420 3485 1514 3543 De
1547 3484 1690 3545 adve
1737 3488 1859 3548 ariis
1892 3488 2157 3562 primum
2208 3484 2326 3548 Ade

323 3566 605 3623 versantur
639 3562 729 3622 alii
763 3560 971 3620 invidia
1002 3561 1219 3637 impulsi
1237 3583 1254 3629 ;
1299 3573 1363 3619 ut
1394 3561 1517 3620 sunt
1548 3562 1855 3623 consulares
1869 3564 2131 3623 homines
2151 3586 2168 3630 ;
2190 3580 2330 3625 con.-

320 3641 579 3701 sularibus
608 3639 828 3698 familiis
858 3638 1005 3703 nati;
1047 3639 1186 3695 novi
1216 3638 1476 3699 homines
1506 3640 1753 3715 praetorii
1771 3662 1789 3708 3
1810 3640 1908 3716 qui
1926 3657 2076 3717 aegre
2108 3642 2287 3699 ferant
2305 3681 2322 3708 ,

323 3717 663 3774 Ciceronem
694 3727 913 3793 tantum
946 3713 1224 3788 dignitatis
1253 3714 1507 3789 adipisci:
1546 3717 1639 3775 alii
1671 3718 1840 3783 etiam
1860 3719 1937 3776 ira
1959 3760 1975 3786 ,
2015 3715 2106 3776 vel
2119 3717 2324 3787 horum

324 3809 603 3851 annorum
635 3789 1033 3850 consuetudine
1067 3790 1288 3865 alienati
1309 3832 1326 3859 ,
1365 3792 1457 3849 v-el
1484 3791 1610 3853 irati
1639 3792 1713 3853 ob
1746 3793 1874 3854 alias
1905 3793 2050 3854 astas
2083 3789 2323 3856 cauffas;

325 3870 417 3930 vel
449 3868 698 3936 inimici,
737 3867 866 3944 quia
898 3867 1236 3940 Pompeium
1267 3876 1444 3928 ornet.
2229 3877 2334 3926 Ne-
