2514 4438
97 337 102 340 .
407 259 432 298 ²·
467 250 809 325 m‘ern.
858 251 1010 329 Effe:
1061 274 1185 323 An
1234 251 1361 350 M:
1396 250 1820 325 Burrum
1880 293 1891 300 -
2046 261 2198 359 153³

109 363 481 438 consulatus
513 368 877 446 cupiditatem
910 367 1069 427 facile
1084 369 1290 427 veniat.
1307 365 1464 446 q'uod
1479 370 1552 426 ita
1571 372 1833 445 contigit·
1849 388 1980 429 nam
2000 371 2215 434 oeta-'l

111 446 285 505 vius
305 491 326 518 ,
368 446 676 505 consulibus
705 444 774 503 ad
806 443 1091 504 Mutinam
1124 444 1318 504 occifis‘
1335 488 1352 513 ‚
1392 445 1578 504 consul
1612 444 1729 503 fieri
1762 448 1973 505 voluit:
2007 452 2172 526 quod
2206 475 2211 482 ·

101 527 306 581 'cum'
329 542 450 582 non
481 517 868 598 impetraffet·,·
895 522 1059 579 iratus
1090 520 1242 597 quafi
1278 521 1361 578 ob·
1376 522 1748 595 ignominiam
1770 565 1785 590 ‚
1806 523 2020 594 prodita
2040 530 2206 603 reips-

115 597 344 658 cauffa
377 613 509 658 cum
596 597 797 657 ntonio
830 614 895 654 ac
926 596 1146 671 Lepido
1186 597 1508 656 societatem
1562 597 1740 654 inivit.
1786 599 1962 671 placet
2010 601 2205 678 igitur

112 672 271 751 legi
283 675 287 680 '
306 719 325 746 ,
364 675 543 751 adsoen
566 687 721 733 urum
756 714 775 742 ,
832 690 935 749 pro
966 673 1130 748 descen
1154 691 1326 731 urum.
1362 673 1572 750 alioqui
1606 669 1736 731 cum
1768 675 1887 731 satis
1919 677 2022 733 erit
2042 698 2174 754 per-

115 751 321 827 plexa
343 795 360 821 ‚
400 764 534 811 tum
555 752 742 826 inepta
774 767 1003 825 quoque
1037 750 1096 807 vi
1137 749 1318 806 ebitur
1345 747 1628 808 sententia.
1710 771 1721 779 ¹
2094 753 2103 759 '
2188 749 2199 758 ‘

219 827 369 903 Pag.
406 847 528 903 119.
569 837 691 884 Non
711 841 942 897 tyranno
963 826 1028 959 ,ἓ
1083 823 1348 898 regnandi
1384 826 1536 883 enim
1574 825 1931 887 instrumenta
1966 826 2176 894 facilius

123 903 455 979 arripimus
489 946 507 972 ‚
547 902 600 961 'fi
628 921 658 961 a
689 902 878 962 senatu
911 901 979 959 de
1008 912 1234 959 eruntur.
1265 944 1283 970 ‚
1323 901 1478 977 quod
1510 901 1580 959 de
1618 901 1945 971 Octaviano,
1966 906 2173 968 timen-

128 977 302 1113 ἔξω
337 979 415 1038 est
443 1021 461 1048 ,
499 979 678 1056 quam·
699 977 745 1037 fi
774 995 808 1036 a
839 988 1081 1054 tyranno
1113 977 1491 1055 relinquantur
1527 997 1540 1035 :
1581 994 1690 1054 qua
1724 980 2015 1041 occasione
2048 986 2171 1046 usus

266 1057 571 1114 AntoniuS.
783 1109 786 1114 ⁴
1758 1105 1768 1118 ,
2184 1086 2192 1093 ·

191 1149 198 1156 ·
233 1134 587 1211 Inmfeffloz]
625 1131 742 1191 n'on
771 1130 952 1190 solum'
983 1141 1223 1206 tyranno
1242 1172 1261 1197 ‚
1300 1123 1471 1206 quem
1504 1129 1704 1196 imitari
1735 1135 2173 1207 mrpefirit‚·sed

138 1223 231 1266 eo
259 1218 542 1286 tyrannO,
582 1208 680 1286 qui
712 1207 788 1267 est
816 1206 1170 1274 interfestus;
1212 1207 1367 1281 cujus
1399 1207 1611 1263 exitum
1628 1207 1827 1266 timere
1843 1209 2032 1268 debuit
2048 1216 2183 1282 Ans

139 1285 371 1348 tonius.
405 1284 533 1342 duae
564 1279 730 1361 igitur
749 1282 1029 1344 *difflones
1062 1329 1080 1354 ‚
1121 1291 1365 1359 Tyranno
1395 1281 1648 1353 interficio
1682 1325 1699 1351 ,
1737 1285 1901 1343 altera
1934 1285 2191 1363 turpitu·->

141 1356 359 1418 dinem
381 1403 399 1429 ,
437 1362 600 1420 altera
630 1360 1228 1437 periculumdofignat.
1278 1377 1281 1380 ·

242 1438 458 1512 Imperia
488 1437 737 1517 qualibet]
779 1439 920 1513 quae'
938 1437 1136 1496 restant
1151 1458 1170 1504 ;
1210 1434 1707 1513 praeturam‘ipsam
1727 1481 1745 1508 ,
1786 1437 2127 1506 consulatum
2146 1483 2166 1512 ,

122 1522 336 1588 ‘atque
367 1512 508 1572 adeo
537 1513 947 1578 distamram.‘·‘
1051 1525 1056 1538 '
1091 1535 1098 1543 ·
1346 1537 1347 1540 “
1466 1539 1471 1542 ·
1580 1511 1589 1516 ’

225 1588 589 1670 facilitatem]
632 1592 687 1651 in
707 1589 1018 1652 ⁴tribuendis
1049 1589 1370 1649 honoribus.
1410 1663 1415 1666 .
1767 1614 1790 1657 ,-

171 1697 180 1704 -
237 1666 630 1725 Providentiam
649 1664 718 1747 :']'
747 1657 1029 1730 ad‘ffit'ura
1059 1659 1405 1744 dispicienda.
1437 1676 1593 1739 putas
1610 1666 1759 1724 enim
1779 1666 2052 1729 Caesarem
2073 1689 2168 1731 ex-

155 1741 539 1800 traordinariis
571 1743 908 1812 honoribus,'
949 1757 1089 1819 quos
1120 1743 1198 1800 illi
1229 1741 1537 1800 decrevistis
1557 1783 1574 1808 ,
1612 1744 1733 1800 fore
1767 1757 2112 1806 contentum.

238 1823 307 1873 Te
333 1804 579 1897 cbnsulem
596 1822 836 1898 fimum]
872 1819 1069 1877 ‘scribit
1116 1820 1404 1895 Appianus
1436 1858 1453 1885 ,
1509 1817 1842 1877 Ciceronem
1890 1823 1945 1878 in
1977 1823 2166 1881 senatu

158 1893 491 1953 consuluilse
509 1937 526 1964 ‚
564 1906 634 1954 ut
658 1895 855 1958 amiffis
886 1895 1191 1953 consulibus
1222 1893 1565 1952 Octavianus
1582 1889 1946 1968 surrogaretur
1967 1939 1982 1964 ,
2000 1900 2166 1975 eique

156 1969 369 2029 deinde
399 1971 591 2050 aliquis
625 1974 832 2047 collega
864 1971 1153 2030 adderetur
1186 2012 1203 2037 ‚
1261 1970 1358 2048 qui
1387 1967 1809 2028 adolescentiam
1842 1972 1980 2030 illius
2014 1974 2167 2051 quafi

160 2047 422 2123 magister
452 2065 639 2124 regere
674 2051 733 2106 &
767 2048 1043 2107 moderari
1111 2044 1282 2105 offet:
1321 2046 1567 2104 senatum
1600 2046 1781 2104 affec'ci
1801 2050 2165 2108 aetatehomi-

129 2124 248 2182 inis
281 2124 527 2198 ineptam
561 2124 928 2184 ambitionem
962 2123 1047 2182 rifi
1091 2143 1137 2182 e.
1172 2123 1293 2181 satis
1323 2123 1474 2180 enim
1487 2124 1697 2197 patuit,
1736 2142 1852 2202 quo
1881 2125 2164 2201 spefiaret.

241 2199 422 2281 Filius]
464 2200 654 2261 filium
674 2201 958 2261 Ciceronis
979 2245 995 2269 ‚
1034 2201 1131 2279 qui
1163 2199 1398 2259 Athenis
1427 2197 1790 2275 philosophiae
1823 2219 2050 2278 oper-am
2070 2203 2165 2265 da-

160 2277 294 2347 bat,
333 2277 531 2336 Brutus
562 2278 750 2336 secum
780 2279 1003 2337 abduxit
1034 2280 1151 2349 ,ἃ
1184 2277 1456 2359 equitibus
1487 2278 1752 2355 praefecit.
1783 2278 1913 2336 fam.
1950 2280 2039 2338 lib.
2079 2299 2163 2339 η.

160 2355 315 2431 epist.
353 2373 432 2428 14.
451 2355 605 2424 Dio,
641 2355 974 2414 Plutarchus·

621 2452 1730 2589 EXPLANATJO

454 2628 1919 2765 EPISTOLAE'V(

264 2859 505 2933 Nullis
531 2860 937 2935 consulibus,

165 3034 293 3109 Pag.
333 3054 354 3093 1
371 3052 453 3110 19.
492 3036 780 3135 SErvilius
806 3036 960 3091 etiam
993 3033 1052 3088 de
1073 3032 1333 3109 Ventidio]
1358 3029 1630 3087 'Servilius
1648 3030 1864 3087 isaurici
1893 3032 2032 3090 filius
2051 3034 2128 3100 sis
2146 3074 2163 3101 ‚

567 3113 666 3188 qui
698 3114 762 3170 C.
796 3111 1028 3168 Caesaris
1054 3109 1261 3182 collega
1283 3109 1458 3164 fuerat
1487 3109 1543 3162 in
1575 3106 1872 3164 consulam.
1890 3109 2162 3165 Ventidio

165 3186 324 3246 Basso
353 3188 649 3258 Mulione‚
689 3190 788 3264 qui
817 3207 885 3245 ex
916 3186 1113 3244 humili
1137 3183 1450 3242 admodum
1473 3184 1691 3240 fortun-a
1723 3180 1792 3239 ad
1820 3182 2165 3250 consulatum

167 3266 242 3321 est
275 3264 501 3322 evectus
518 3307 536 3334 ,
575 3266 892 3342 primusque
910 3266 1298 3321 Romanorum
1320 3259 1388 3317 de
1404 3259 1611 3315 Parthis
1627 3260 1969 3333 triumphum
1992 3258 2163 3318 duxit:

164 3340 380 3398 Gellius
411 3341 501 3398 lib.
543 3359 634 3397 xv.
671 3359 785 3415 cap.
819 3358 869 3411 4.

238 3418 368 3492 Paga
404 3435 523 3475 120.
565 3408 741 3491 I'isdem
770 3417 906 3493 locis]
943 3413 1040 3471 ubi
1071 3411 1217 3470 esses.
1247 3427 1377 3469 nam
1397 3451 1416 3478 ‚
1455 3420 1639 3467 utrum
1658 3411 1715 3468 in
1730 3410 2066 3471 Macedonia
2085 3413 2163 3468 es-

161 3492 275 3565 set,
317 3510 423 3552 nec
454 3512 526 3551 ne
559 3535 575 3560 ,
615 3490 831 3564 fortaffe
866 3490 1228 3564 ignorabatur.
1262 3506 1378 3544 non
1413 3494 1526 3545 erat
1561 3500 1708 3544 certe
1743 3527 1759 3552 ‚
1800 3496 1927 3543 cum
1963 3488 2189 3561 episto-³

162 3569 275 3628 lam
308 3569 622 3644 proximam
655 3569 990 3643 superiorem
1021 3563 1222 3638 scriplit
1249 3584 1262 3620 :
1304 3581 1433 3621 cum
1463 3562 1608 3623 dicat
1640 3580 1669 3618 a
1699 3561 1753 3619 se
1786 3561 1962 3619 filium
1996 3563 2159 3620 Cice-

163 3645 313 3703 ronis
346 3646 403 3703 in
439 3645 834 3704 Macedoniam
871 3646 1000 3699 cum
1031 3641 1281 3716 equitatu
1308 3637 1414 3696 esse
1448 3636 1801 3714 praemisum.

243 3722 342 3777 Ad
359 3714 554 3794 fide'm,
595 3739 661 3781 ω’
689 3722 760 3775 ad
792 3720 1114 3794 dignitatem]
1157 3733 1287 3772 cum
1320 3716 1472 3773 enim
1504 3726 1802 3791 tyrannum
1838 3713 1952 3791 vita
1984 3715 2164 3788 priva-

165 3795 262 3873 sti,
300 3799 454 3876 quasi
484 3811 641 3858 tuam
671 3798 730 3855 in
763 3816 834 3857 eo
866 3795 1034 3854 fidem
1069 3791 1389 3926 obstruiiiilli
1408 3826 1428 3861 ,-
1465 3790 1669 3852 eodem
1702 3790 1836 3849 tein
1855 3793 2163 3866 remp-anir-

1370 3885 1407 3941 4
2064 3884 2165 3925 mo
