2514 4438
280 197 420 274 266
688 197 1154 270 1³22me
1203 193 1987 268 CoMMEN'rARms

277 310 602 386 scriptorem
632 310 809 369 verbis
845 310 921 367 ita
951 306 1274 383 compositis
1306 304 1677 376 delestatum3
1719 320 1783 366 ut
1816 308 1994 378 infra,
2032 311 2381 380 concep-,neg

275 389 627 443 commonendo
645 430 661 455 ,
681 384 1040 442 *concelebrare
1727 383 1740 396 ’

355 463 449 521 De
483 464 669 534 Africa
720 461 1191 519 administratione
1220 503 1238 528 ,
1288 461 1351 518 ὃ(
1380 459 1450 519 de
1478 461 1618 520 illius
1649 460 1997 520 accusatione
2024 461 2179 521 haec
2225 461 2369 521 ha-

279 537 479 597 bentur
509 537 656 613 apud
691 536 998 595 Asconium
1023 558 1033 594 :
1077 537 1307 594 Catilina
1338 558 1401 593 ex
1424 550 1650 614 pratum
1685 537 1929 609 affricam
1951 538 2357 613 provinciam

278 613 496 670 obtinuit
519 656 536 681 ‚
575 634 736 692 quam
768 633 883 670 cum
906 613 1139 689 graviter
1171 611 1396 687 vexaffet
1430 656 1448 682 ,
1483 609 1632 689 legati
1663 612 1792 684 Afri
1815 613 1872 669 in
1892 611 2089 688 senatu
2119 656 2145 682 ,
2184 615 2362 688 jam

255 693 396 764 'tum
425 689 626 765 absente
657 690 738 746 illo
754 732 771 758 ‚
812 690 963 767 questi
979 688 1142 763 sunt:
1181 689 1451 766 multaque
1470 710 1658 765 graves
1670 689 1927 765 sententie
1945 690 2003 746 in
2020 690 2264 765 senatu
2283 689 2368 745 de

273 784 328 821 eo
362 766 502 822 dieze
519 766 667 841 sunt.
745 766 939 821 Deinde
968 784 1081 820 cum
1097 764 1303 839 rediifflt
1329 785 1393 821 ex
1426 765 1613 839 Africa
1629 808 1647 834 ,
1686 765 1949 839 accufittus
1975 766 2046 838 est
2058 778 2369 841 repetun—

279 842 471 898 darum
502 862 536 898 a
556 851 614 898 P.
637 841 808 898 Clodio
840 839 1132 915 adolescente
1151 881 1169 908 ,
1207 841 1297 917 qui
1358 839 1481 914 ostea
1508 841 1739 898 inimicus
1755 841 2003 897 Ciceronis
2018 843 2142 912 fuit
2174 861 2197 897 ε
2238 840 2370 916 fid

279 938 332 974 eo
356 919 544 993 judicio
576 917 829 992 absolutus
859 918 924 989 est
942 959 957 984 ,
995 917 1215 989 infamia
1235 854 1509 992 juciicum;
1550 933 1611 974 ut
1641 934 1707 977 c9·
1737 916 1941 974 Clodius
1953 916 2188 989 infamis
2181 920 2364 989 fus-

283 994 355 1070 rit
375 1037 393 1063 ,
430 995 599 1072 quippe
629 993 718 1071 qui
741 992 1108 1068 prevaricatus
1137 994 1226 1065 est?
1297 999 1445 1049 Nam
1479 1012 1545 1054 <9¹
1574 992 1763 1068 rejeblio
1781 992 2019 1069 judicum
2047 993 2124 1047 ad
2157 993 2365 1048 arbi-

169 1124 186 1129 -
281 1085 446 1126 trium
479 1091 546 1126 ret
580 1068 853 1125 videbatur
885 1069 969 1145 effe
987 1071 1159 1139 satia.
1235 1069 1329 1126 De
1373 1070 1485 1127 hoc
1526 1068 1582 1126 in
1620 1079 1757 1127 orat.
1792 1085 1895 1144 pro
1928 1068 2016 1136 M
2046 1067 2290 1126 Coelio
2339 1087 2359 1125 ε

284 1140 408 1202 Fuit
439 1146 656 1218 affiduus
684 1166 875 1202 mecum
898 1187 913 1212 ,
942 1157 1149 1220 pretore
1178 1165 1259 1202 me
1273 1167 1292 1213 ;
1315 1154 1435 1202 Non
1467 1159 1687 1201 noverat
1702 1143 1993 1201 Catilinam
2009 1166 2026 1210 ;
2047 1145 2357 1216 Africam

285 1236 402 1278 tum
425 1236 609 1297 prator
637 1222 715 1277 ille
745 1220 1034 1287 obtinebat;
1061 1221 1265 1297 scamus
1292 1221 1357 1293 est
1387 1239 1591 1288 annu53
1632 1220 1856 1296 cauffam
1885 1220 1944 1275 de
1940 1220 2208 1350 diecuniis
2248 1239 2358 1274 re-

273 1298 514 1374 petundis
548 1299 778 1354 Catilina
808 1297 958 1353 dixit.
1000 1298 1119 1354 Sall.
1138 1296 1368 1355 Catilina
1391 1299 1721 1372 pecuniarum
1736 1308 1938 1371 repetun
2012 1315 2135 1352 rum
2152 1314 2303 1351 reus
2320 1336 2346 1362 ‚

273 1373 561 1450 prohibitus
592 1389 702 1430 erat
724 1386 885 1449 petere
917 1373 1234 1447 consulatum
1265 1373 1397 1450 quod
1426 1373 1570 1430 intra
1586 1373 1821 1448 legitimos
1837 1371 1936 1426 dies
1956 1370 2195 1447 profiteri
2238 1390 2352 1425 ne-

283 1449 530 1527 quiverit.
612 1450 674 1507 In
709 1461 845 1507 orat.
879 1449 948 1506 de
977 1449 1208 1524 Harusp.
1240 1448 1536 1524 responsis:
1577 1458 1635 1506 A
1671 1447 1902 1505 Catilina
1935 1447 2149 1504 Clodius
2152 1460 2345 1523 pecu-

286 1528 432 1583 niam
467 1528 645 1601 accepit
663 1569 680 1597 ‚
719 1540 779 1580 ut
813 1526 1076 1599 turpissime
1101 1527 1545 1601 prevaricantur.
1680 1569 1687 1574 ,

368 1608 440 1657 Et
470 1622 527 1658 ea
562 1619 622 1657 tu
645 1601 819 1676 sapius
847 1602 1014 1679 legito]
1055 1614 1116 1658 ut
1146 1602 1411 1678 intelligas
1430 1642 1448 1669 ‚
1485 1601 1553 1659 ab
1582 1598 1904 1677 hujusmodi
1919 1600 2333 1675 competitore

289 1675 399 1737 esse
428 1678 527 1734 tibi
563 1677 696 1734 nihil
730 1676 1063 1734 timendum.
1103 1677 1255 1735 Nam
1286 1678 1416 1735 licet
1447 1676 1720 1735 absolutus
1752 1676 1850 1745 fit,
1889 1694 1961 1734 ex
1977 1678 2204 1735 testium
2225 1676 2331 1733 di-

294 1753 394 1812 &is
428 1795 445 1822 ,
485 1755 658 1830 qualis
695 1751 756 1809 fit
795 1795 812 1821 ,
853 1763 1092 1826 apparet.
1148 1753 1212 1811 In
1242 1764 1379 1811 orat.
1413 1754 1471 1810 in
1502 1765 1635 1834 toga
1663 1751 1927 1812 candida:
1966 1761 2041 1816 ,In
2058 1752 2316 1827 judiciis,

330 1845 495 1904 nanta
531 1830 612 1885 vis
635 1829 751 1904 {effet
770 1871 785 1896 ‚
823 1829 996 1885 didicit
1014 1870 1030 1895 ,
1068 1849 1184 1886 cum
1213 1830 1281 1904 est
1310 1828 1598 1904 absolutum
1628 1828 1684 1905 fi
1691 1845 1788 1886 aut
1801 1827 1930 1886 illud
1928 1828 2187 1904 judicium
2202 1843 2324 1884 aut

288 1852 381 1965 iqlla
412 1906 652 1981 absolutio
682 1905 996 1960 nominanda
1026 1905 1110 1977 est.

366 1982 495 2057 Pag.
529 1998 652 2053 217.
689 1981 820 2046 218„
857 1986 987 2043 Tam
1017 2001 1153 2057 egens
1181 2002 1245 2044 ex
1275 2000 1328 2038 eo
1348 1981 1537 2058 judicio
1566 1981 1618 2038 di
1641 1980 1792 2059 ceffit]
1846 1978 1987 2039 dum
2020 1981 2201 2056 muita
2235 1977 2314 2037 ad

293 2057 734 2133 corrumpendos
760 2056 977 2132 judices
1009 2058 1246 2132 largitur.
1276 2057 1350 2115 fic
1383 2057 1453 2117 de
1486 2057 1593 2114 Clo
1634 2058 1694 2115 io
1724 2058 1783 2116 in
1812 2068 1951 2115 orat.
1970 2055 2040 2115 de
2054 2056 2315 2132 haruspi-

293 2152 427 2192 cum
461 2134 754 2208 responsis:
799 2132 917 2209 Nifi
928 2135 1067 2205 forte
1097 2133 1188 2190 tibi
1214 2136 1443 2209 ignotum
1501 2148 1620 2190 utas
1636 2175 1654 2201 ,
1693 2133 1825 2210 quod
1859 2147 1904 2189 te
1923 2133 2116 2209 judices
2143 2133 2309 2190 dimi-

277 2211 468 2288 firunt
498 2208 754 2286 excussum
789 2229 854 2271 (ν’
882 2209 1200 2282 exhaustum.
1277 2195 1444 2269 Disce
1485 2227 1576 2267 ere
1609 2228 1679 2268 ex
1703 2207 1958 2288 judiciO,
1995 2208 2174 2279 idest,
2211 2208 2312 2266 di-

295 2290 446 2347 mitti
477 2306 509 2346 a
532 2287 839 2364 judicibus:
882 2299 1017 2344 orat.
1047 2303 1150 2361 pro
1180 2285 1241 2343 P.
1275 2283 1584 2360 Quinffio:
1625 2285 1881 2363 Discedere
1897 2283 2188 2362 superiorem
2207 2285 2301 2342 di-

292 2362 411 2425 vio.
443 2366 502 2424 in
535 2365 695 2422 Verr.
723 2362 954 2438 discedere
986 2381 1099 2419 cum
1119 2361 1308 2438 scelere.
1347 2363 1422 2421 Et
1453 2378 1555 2435 pro
1587 2362 1660 2429 A.
1697 2362 1957 2421 Caecina:
1999 2361 2303 2438 Superiorem

285 2442 543 2518 'discedere
582 2441 829 2499 Modum
864 2436 971 2497 esse
1001 2438 1271 2516 loquendi
1289 2438 1556 2497 Graecum
1586 2437 1898 2498 observavit
1914 2438 1974 2495 P.
1992 2436 2306 2504 VifiotiuS,

294 2535 410 2576 var.
444 2519 568 2576 lest.
599 2519 690 2575 lib.
730 2535 781 2591 ς,
816 2533 932 2589 cap.
967 2533 1019 2572 2.
1589 2580 1593 2585 ,

374 2599 556 2669 §Luam
587 2594 799 2671 quidam
820 2591 1012 2665 judices
1041 2591 1144 2665 ejus
1174 2605 1297 2649 ante
1312 2590 1438 2648 illud
1441 2590 1722 2670 judicium]
1761 2589 2024 2648 videntur
2039 2590 2079 2648 ii
2086 2589 2304 2666 judices

296 2663 457 2731 f'uiffe
478 2713 495 2738 ,
534 2670 718 2746 quales
749 2668 844 2742 qui
864 2665 1130 2723 Clodium
1165 2666 1550 2736 absolverunt,
1588 2685 1731 2745 quos
1747 2666 1923 2724 fames
1938 2667 2114 2742 magis
2129 2684 2301 2743 quam

297 2749 449 2806 fama
483 2751 907 2807 commoveret3
951 2750 1012 2797 ut
1046 2741 1119 2799 est
1148 2742 1240 2798 lib.
1282 2763 1331 2812 1,
1367 2761 1452 2818 ep.
1486 2762 1574 2815 14,
1607 2742 1677 2802 ad
1694 2744 1813 2800 Att.
1852 2743 1946 2800 De
1978 2743 2178 2819 quibus
2193 2742 2305 2800 illic

299 2826 469 2882 ctiam
502 2823 730 2896 legitur:
775 2815 1027 2892 Maculosi
1040 2816 1297 2893 senatores
1317 2863 1333 2889 ,
1371 2819 1498 2876 nudi
1516 2821 1709 2899 ,equites
1727 2861 1744 2888 ,
1783 2818 1978 2878 tribuni
1994 2838 2098 2876 non
2115 2836 2230 2877 tam
2249 2839 2311 2874 a-

298 2894 461 2966 rarii,
500 2912 561 2952 ut
589 2895 935 2971 appellantur,
974 2911 1135 2970 quam
1171 2895 1326 2952 arati.

375 2966 569 3029 Deinde
602 2989 716 3028 tam
747 2967 1050 3047 invidiosus]
1106 2969 1309 3030 invisus
1331 3012 1346 3039 ‚
1386 2972 1515 3049 quia
1550 2981 1816 3048 corrupto
1840 2970 2059 3048 judicio
2093 2972 2312 3032 absolu-
2366 3050 2369 3051 ⁷

181 3040 194 3059 ²
299 3064 387 3110 tus
423 3046 503 3108 fit.

377 3137 444 3183 Ut
471 3124 616 3181 aliud
646 3122 701 3178 in
730 3140 848 3179 eum
865 3122 1155 3253 judiciqu
1183 3123 1305 3180 Cic.
1323 3123 1383 3181 in
1408 3136 1542 3198 toga
1571 3125 1834 3186 candida:
1876 3125 2088 3200 Omiser-
2104 3127 2193 3204 qui
2210 3145 2314 3183 non

287 3205 484 3280 sentias'
505 3245 520 3270 ,
558 3202 641 3256 illo
660 3199 847 3275 judicio
878 3215 925 3255 te
958 3218 1057 3253 non
1089 3218 1122 3254 a
1146 3196 1376 3273 solutum
1396 3242 1413 3267 ‚
1453 3221 1637 3261 verum
1670 3204 1740 3259 ad
1753 3203 1827 3260 ali
1861 3203 1958 3260 uod
1975 3194 2205 3277 seneritas
2216 3204 2312 3277 ju.-

299 3281 487 3336 dicium
511 3290 581 3332 'ac
614 3296 783 3350 majus
807 3273 1103 3350 supplicium
1129 3275 1474 3350 reservatum.
1513 3277 1659 3335 Item
1691 3280 1750 3337 in
1783 3224 2070 3340 Cliodium.
2110 3286 2308 3350 Erras,

303 3356 449 3491 Cgodi
482 3376 499 3422 ;
554 3372 657 3427 non
690 3367 737 3408 te
754 3349 944 3427 judices
978 3350 1090 3407 urbi
1121 3392 1139 3419 ‚
1180 3351 1272 3427 sed
1299 3354 1479 3410 carceri
1509 3352 1854 3429 reservarunt.
1888 3374 1974 3430 ep.
2016 3371 2106 3426 14,
2138 3354 2225 3415 lib.
2254 3372 2308 3409 2.

302 3454 334 3492 a
404 3434 524 3489 Art.

309 3512 315 3525 ²
380 3517 447 3564 Ut
477 3507 618 3583 aliud
639 3502 919 3582 judicium]
960 3521 1074 3562 non
1107 3503 1339 3581 quidem
1369 3502 1798 3581 repetundarum
1821 3550 1839 3575 ‚
1876 3524 1908 3564 a
1934 3524 2059 3586 ,quo
2080 3506 2199 3585 jam
2216 3502 2310 3561 ab·

301 3585 506 3643 solutus
540 3583 602 3642 fit
622 3625 637 3650 ,
677 3579 768 3636 sed
806 3582 1049 3656 corrupti
1074 3580 1272 3656 judicii
1290 3602 1308 3647 ;
1349 3599 1466 3658 quo
1497 3581 1747 3641 damnari
1781 3581 2040 3641 videntur
2069 3578 2306 3659 potuisse

304 3663 366 3717 δε
399 3660 641 3735 corrupti
663 3655 880 3731 judices
913 3659 970 3728 ὃς
1008 3669 1357 3731 corruptores
1393 3675 1590 3716 eorum
1623 3661 1683 3717 &
1714 3658 2008 3735 sequestres
2041 3656 2102 3716 ’ὃς
2143 3658 2307 3717 inter-

301 3735 481 3814 pretes
518 3736 576 3791 ὃ(
611 3731 899 3798 emifl'arii;
949 3744 1013 3787 ut
1043 3732 1118 3788 est
1151 3732 1519 3812 apudAscon.
1554 3734 1612 3794 in
1631 3730 1802 3807 divin.
1837 3735 2121 3811 flagitetur
2138 3748 2308 3810 autern

306 3830 373 3885 φ’
400 3811 635 3889 ardenter
665 3826 731 3868 0'
763 3806 828 3864 ab
862 3808 1106 3887 mnnibegs‚
1296 3808 1297 3811 ’
1358 3808 1362 3812 ’
1604 3810 1607 3813 ’
1760 3811 1765 3816 ’
2083 3805 2091 3813 ’
2213 3808 2304 3886 Hic

2004 3994 2031 4007 f
