2514 4438
375 217 477 307 {N
520 229 624 328 Q
669 220 870 304 Cic.
922 250 1046 301 mr
1092 221 1875 307 Peru-[Consum]
2042 235 2192 338 289

251 347 340 410 Ex
352 351 411 408 iis
415 350 686 429 principes]
727 345 872 407 faeta
904 347 1057 405 enim
1089 345 1409 422 principum
1440 350 1692 428 plerique
1722 352 1959 411 studiose
1974 345 2201 414 imitan-

171 437 283 486 tur.
311 429 396 487 M.
432 427 554 486 Cic.
594 446 641 488 1.
678 424 825 486 offic.
844 426 905 482 &
919 424 1010 482 lib.
1030 439 1081 500 3.
1102 422 1172 480 de
1187 423 1416 498 legibus.
1485 428 1739 485 Permulti
1765 429 2046 487 imitatores
2050 432 2201 506 prin-

172 505 340 639 ἔξω»
366 504 616 590 existunt.
671 501 829 561 Hinc
848 541 866 569 ,
904 498 1361 634 mabilla-Imutqtur
1380 510 1574 580 semper
1606 521 1725 563 cum
1747 505 1969 582 principe
1997 507 2202 584 vulgus.

228 577 632 732 ¹3:³32?ssaess
653 576 1372 740 Ἑαῖιῗνὶηῗῗὲῑεάἵῐῐιιιῖῗαω
1408 673 1479 714 ex
1509 655 1647 714 urbe
1665 656 1726 715 δε
1739 674 1877 733 agro
1891 657 2163 721 Romano
2179 703 2204 731 ‚

175 735 242 793 &
269 733 551 793 universas
583 733 758 793 Italiae
794 742 972 809 partes
991 772 1015 806 ‚4
1047 747 1179 809 quae
1206 748 1298 808 Jus
1329 725 1571 807 suffragii
1598 734 1841 803 habent,
1881 748 2049 809 prout
2068 738 2205 796 &in

179 811 416 869 civitate
445 810 616 881 fecit,
656 806 1083 885 complefflnn3
1116 807 1395 886 Jubetque
1416 851 1434 877 ,
1471 821 1538 867 ut
1553 811 1717 869 casin
1732 812 1926 869 animo
1945 825 2208 889 compre·
2294 839 2299 846 ὴ

175 887 373 946 hensas
402 888 600 947 habeat
616 909 635 956 3
675 898 801 945 tum
833 897 897 943 ut
968 883 1209 960 erquirat
1245 886 1308 943 ὃς
1340 886 1640 945 confirmet
1669 888 1930 946 homines
1947 929 1966 957 ‚
2001 889 2104 965 qui
2134 889 2207 946 fi-

180 964 241 1021 bi
272 965 497 1024 faveant
532 984 549 1024 z
588 964 868 1041 facileque
893 902 964 1021 ici)
983 960 1141 1020 illum
1174 959 1331 1035 poffe
1366 1004 1385 1032 ,
1427 962 1469 1021 fi
1499 975 1627 1039 apta
1660 964 1732 1023 ad
1760 964 1821 1022 id
1840 965 2109 1025 <oratione
2136 983 2205 1027 u-

179 1049 341 1101 tatur.
1764 1068 1769 1073 ’

258 1116 434 1192 Postea
467 1129 638 1174 totam
671 1111 918 1202 Italiae'tm]
945 1115 1038 1191 j'us
1072 1115 1312 1174 civitatis
1344 1116 1413 1175 R.
1448 1117 1559 1175 toti
1589 1114 1892 1194 aliquando
1908 1117 2086 1178 Italiae
2104 1160 2125 1187 ,
2144 1118 2206 1180 id

178 1193 259 1252 est
275 1235 294 1263 ,
335 1193 688 1269 municipiis,
731 1193 969 1251 colomis
986 1233 1005 1261 ,
1022 1191 1367 1267 praefecturis
1383 1227 1402 1262 ,
1421 1193 1702 1254 foederatis
1734 1194 2045 1253 civitatibus
2062 1237 2080 1263 ,
2112 1196 2209 1254 fo·-

180 1270 254 1328 ris
290 1311 308 1339 ,
348 1268 722 1329 conciliabulis
758 1310 775 1337 ‚
814 1268 979 1342 variis
1010 1268 1354 1343 temporibus
1385 1270 1662 1347 variisque
1688 1270 1901 1345 legibus
1935 1313 1954 1340 ,
2004 1271 2204 1331 datum

186 1346 297 1404 est:
336 1358 402 1404 ut
431 1346 631 1423 probat
663 1344 906 1420 pluribus
940 1344 1066 1403 Car.
1098 1345 1289 1419 Sigon.
1320 1345 1380 1403 in
1410 1346 1502 1404 lib.
1530 1347 1601 1405 de
1632 1349 1804 1424 antiq.
1830 1348 1957 1422 jure
1974 1346 2168 1406 Italiae.

262 1429 331 1478 In
358 1425 533 1482 animo
559 1442 623 1480 ac
655 1422 927 1502 memoria]
970 1422 1027 1479 in
1046 1423 1239 1479 animo
1256 1421 1595 1481 distributam
1614 1464 1634 1492 ‚
1672 1424 1732 1483 in
1747 1424 2027 1484 memoria
2044 1437 2205 1481 com·

183 1499 544 1574 prehensam:
586 1500 718 1559 licet
748 1497 1230 1575 comprehendere
1244 1499 1440 1558 animo
1460 1500 1520 1557 &
1539 1500 1816 1559 memoria
1834 1499 1983 1575 apud
2000 1502 2086 1560 M.
2103 1499 2206 1560 Ci-

181 1590 454 1636 ceronem
485 1577 633 1656 saepe
665 1573 747 1632 fit.

260 1661 343 1730 Ne
374 1653 510 1732 quod
540 1651 901 1739 municipium]
941 1650 1097 1730 quod
1128 1668 1247 1710 uno
1278 1650 1457 1712 verbo
1486 1651 1627 1712 dixit
1657 1694 1675 1722 ,
1712 1670 1866 1712 nunc
1893 1670 1992 1730 per
2022 1664 2205 1731 partes

182 1726 470 1788 distribuit.
547 1730 804 1788 Nomina
836 1730 1131 1788 civitatum
1163 1729 1341 1788 ltaliae
1375 1748 1444 1788 ex
1468 1730 1598 1805 jure
1618 1728 1784 1790 ducta
1799 1732 1943 1801 sunt,
1962 1732 2205 1790 munici-

180 1806 274 1880 pia
292 1847 310 1875 ,
351 1806 595 1867 coloniae
611 1848 630 1876 ,
667 1804 1017 1882 praefesturae
1037 1847 1054 1874 ‚
1095 1804 1365 1864 foederata
1382 1804 1584 1881 opida,
1626 1808 1747 1864 fora
1766 1848 1786 1874 ,
1824 1803 2205 1871 conciliabula.

185 1881 298 1954 Sig.
331 1881 422 1941 lib.
454 1901 505 1941 2.
537 1883 758 2017 degum
793 1881 912 1940 Ital.
943 1882 1038 1940 sed
1069 1883 1245 1957 tangit
1274 1883 1377 1941 tria
1410 1891 1633 1942 tantum
1665 1884 1846 1957 prima
1880 1925 1897 1950 ,
1950 1884 2081 1960 quia
2112 1884 2205 1942 illa

187 1958 408 2031 majora
437 1958 576 2021 sunt.
654 1960 707 2017 ic
739 1958 860 2017 Cic.
888 1975 992 2033 pro
1023 1957 1085 2016 P.
1116 1957 1346 2016 Sextio:
1390 1959 1618 2016 Nullum
1646 1974 1760 2018 erat
1797 1960 1954 2015 Italia
1985 1957 2207 2017 mubici-

175 2035 328 2109 pium
346 2076 364 2102 ,
403 2036 546 2092 malla
575 2034 758 2093 colonia
776 2078 794 2104 ‚
832 2034 979 2092 nulla
1001 2036 1302 2111 praefbbiura
1319 2075 1337 2103 ,
1375 2055 1482 2113 qua
1516 2054 1620 2093 non
1635 2033 2106 2110 honorificentiffime
2120 2036 2210 2102 de·

181 2110 414 2186 crevifflt
439 2113 500 2168 de
514 2112 687 2189 salust
719 2131 849 2170 mea.
885 2176 889 2182 ,
926 2111 1002 2169 Et
1031 2111 1227 2186 Philip.
1263 2129 1317 2168 2:
1360 2113 1555 2168 omnia
1584 2111 1859 2188 municipia
1893 2154 1909 2181 ,
1939 2114 2205 2189 praessbln-

184 2197 275 2244 r'as
294 2229 312 2257 ,
352 2188 562 2246 colonias
579 2233 597 2259 ‚
635 2203 801 2247 totam
836 2186 1047 2267 denique
1080 2188 1294 2245 Italiam
1326 2187 1578 2265 impreffit.
1617 2189 1932 2264 Municipia
1964 2200 2119 2248 erant
2135 2207 2206 2248 o-

185 2264 317 2339 pida
339 2266 467 2340 J'ure
497 2267 709 2326 civium
742 2268 1141 2325 Romanorum
1176 2264 1382 2323 donata
1412 2285 1427 2323 z
1486 2266 1750 2324 Coloniae
1798 2276 1953 2323 erant
1980 2284 2022 2324 o
2064 2266 2204 2335 ida.

185 2358 309 2418 quo
340 2342 401 2399 P.
435 2343 505 2401 R.
537 2344 688 2403 cives
719 2344 844 2403 suos
878 2341 948 2401 ad
976 2341 1341 2400 incolendum
1358 2339 1694 2399 deduxerat:
1737 2342 1795 2397 in
1812 2359 1929 2416 quo
1946 2341 2002 2399 di
2050 2357 2207 2400 erant

183 2418 314 2476 haec
345 2420 489 2478 inter
518 2419 574 2478 se
594 2463 612 2489 ‚
652 2421 725 2477 A.
759 2418 885 2475 Gel.
914 2418 1006 2475 lib.
1044 2417 1127 2474 16.
1159 2415 1518 2473 Praefeeturae
1550 2428 1741 2474 autem
1776 2428 1932 2473 erant
1959 2417 2129 2491 opida
2146 2420 2205 2476 in

189 2493 380 2563 Italia,
420 2494 478 2553 in
510 2513 641 2571 quae
674 2493 924 2552 Romani
957 2491 1257 2568 quotannis
1289 2491 1586 2566 praefectos
1618 2492 1912 2557 mittebant
1934 2534 1951 2560 ,
1989 2495 2088 2568 qui
2111 2495 2206 2569 jus

101 2588 106 2607 2
148 2564 471 2638 '‚dicerent;
514 2589 545 2629 a
581 2587 700 2648 quo
729 2586 905 2627 onere
939 2568 1108 2625 libera
1139 2579 1295 2625 erant
1324 2569 1630 2643 municipia
1662 2570 1722 2626 δε
1755 2569 2034 2638 coloniae,
2072 2587 2205 2647 quae

184 2648 291 2706 suis
324 2645 719 2722 magistratibus
751 2645 1062 2704 utebantur.
1137 2643 1291 2701 Vide
1326 2643 1570 2709 eundem
1605 2643 1712 2718 Sig.

261 2732 450 2781 Locum
484 2742 546 2781 ne
574 2723 752 2803 quem]
792 2722 906 2780 hoc
935 2719 1007 2780 ad
1035 2719 1269 2798 reliquas
1301 2732 1514 2796 partes3
1556 2731 1620 2778 ut
1646 2719 1770 2780 sunt
1805 2721 2167 2782 conciliabula
2183 2766 2203 2793 ,

186 2802 331 2860 fora.
489 2798 498 2809 '

263 2874 780 3011 Firmasztigtis]
811 2875 883 2935 ad
895 2871 1367 2950 suffragationem.
1404 2873 1602 2933 Habere
1622 2887 1820 2952 parum
1839 2874 2168 2949 firmamenti
2184 2895 2203 2934 2

182 2965 327 3012 orat.
396 2971 460 3012 ro
558 2998 571 3010 .
678 2963 829 3011 uent.

263 2972 565 3108 Perguiras]
604 3028 764 3087 sicuti
790 3031 917 3088 loca
949 3027 1153 3088 habere
1184 3039 1322 3087 nota
1352 3027 1553 3099 debet,
1591 3028 1669 3087 ita
1681 3028 2204 3105 homines'ipsomm

182 3104 499 3239 locorumf3
541 3124 659 3193 non
694 3124 894 3240 ofinnnes
928 3104 1160 3183 quidem
1196 3147 1215 3175 ,
1254 3101 1350 3163 sed
1378 3123 1476 3165 eos
1502 3148 1519 3175 ,
1557 3107 1659 3183 qui
1692 3104 1982 3181 prensandi
2013 3105 2207 3199 offigo

230 3199 295 3238 ro
331 3200 426 3240 eo.
462 3199 533 3240 un
575 3201 593 3239 1
665 3200 702 3243 o
807 3196 844 3240 t.

185 3199 226 3258 P
267 3199 950 3338 perquirasgcypinvestiges]
990 3259 1160 3319 verba
1179 3257 1553 3333 fignificantia.
1594 3257 1748 3317 Prius
1769 3252 2033 3337 perquiras
2048 3302 2067 3328 ‚
2084 3270 2210 3318 tum

186 3332 462 3408 investiges.
538 3335 869 3409 Quaerendo
896 3336 1051 3394 enim
1085 3337 1476 3410 investigatur,
1514 3333 1573 3392 id
1607 3335 1717 3404 est,
1756 3336 2054 3394 invenitur.
2088 3336 2210 3392 Te·-

188 3422 332 3469 rent.
363 3411 422 3468 in
454 3410 746 3483 Heauton.
776 3411 881 3470 aa.
910 3431 967 3485 4,
1002 3411 1074 3470 sc.
1110 3431 1158 3471 1.
1201 3411 1351 3469 Nihil
1367 3427 1480 3470 tam
1494 3408 1690 3484 difficile
1703 3412 1769 3483 est
1789 3454 1806 3481 ,
1846 3414 1973 3490 quin
1990 3430 2216 3489 quamv,

189 3488 254 3544 do
285 3487 579 3561 investigari
604 3486 764 3622 ἕψε.

268 3561 607 3697 Cognoscas]s
662 3582 780 3622 ono
814 3565 1013 3625 ordine
1042 3565 1223 3633 infra;
1262 3564 1319 3622 hi
1347 3564 1656 3643 cognoscendi
1672 3566 1910 3641 primum
1934 3563 2088 3641 sunt.

203 3672 208 3677 ·
267 3650 500 3718 Appetas
598 3658 749 3715 upra.

270 3719 481 3775 civitat
533 3719 619 3793 us]
658 3717 838 3791 placet
872 3763 890 3789 ,
930 3717 1089 3798 quod
1119 3719 1195 3778 est
1225 3719 1283 3777 in
1316 3718 1523 3798 scriptis
1555 3760 1574 3792 ,
1612 3717 1982 3781 vicinitatibus.
2060 3718 2214 3777 Nam

89 3868 92 3881 Ι
189 3790 258 3868 ,δε
287 3793 446 3878 supra
477 3791 815 3876 [vicinitatem
844 3796 1201 3860 mentionem
1231 3796 1386 3879 fecit.
1612 3827 1620 3834 ·
2046 3875 2099 3949 ῳ
2208 3846 2221 3857 .

300 3910 310 3918 ,
2117 3897 2189 3936 ua
