2514 4438
428 287 528 344 m
577 261 932 364 Luxu.
979 261 1132 341 ΕΡ.
1179 261 1311 334 ἈΒ
1360 254 1470 364 Q
1507 262 1678 339 Fa:
1715 262 1870 341 Em
1924 264 1982 342 1.
2151 290 2248 373 23

218 398 430 451 nutem
465 430 483 456 ,
517 385 621 444 ubi
650 398 868 447 nomen
900 379 1010 441 effe
1038 381 1293 458 oportuit
1324 423 1344 450 ,
1396 380 1527 456 lapis
1555 380 1722 440 habet
1766 403 1806 440 u
1822 401 1865 443 s:
1907 384 2259 461 supplemen-

215 478 356 531 tum
389 461 731 524 effe-verum
767 459 895 519 dico
914 501 931 527 ,
972 477 1010 517 ’r
1028 476 1117 518 ει
1138 475 1171 514 ε
1191 478 1229 516 κ
1250 476 1342 514 τι.
1375 468 1472 526 ut,
1511 457 1666 533 quod
1683 458 2078 534 imperfefium
2095 479 2249 522 nunc

217 542 301 601 est
338 585 358 610 ,
398 541 681 613 integrum
710 539 824 597 hoc
851 534 916 594 fit
952 577 970 605 ,
1005 535 1092 595 M.
1126 534 1599 592 Tfilzi-:urnis
1629 535 1714 591 M.
1750 536 2081 599 Fsvnn.
2117 530 2252 596 Lm·

215 635 435 678 eutr„
491 615 595 675 nifi
640 614 681 671 fi
727 613 847 690 quis
897 624 1243 688 praenomen·
1264 611 1434 667 etiam
1467 611 1559 666 avi
1589 621 1749 683 putet
1778 603 2194 687 adjungendum
2232 635 2249 672 ς

214 693 388 829 ἓιιοά
415 693 545 753 sane
576 689 864 751 defiderari
894 687 1132 763 suspicor
1161 687 1218 751 in
1250 685 1448 763 lapide.
1481 685 1652 743 video
1684 686 1838 745 enim
1869 688 2012 748 inter
2033 692 2246 751 ἢδη,

244 771 467 846 patiam
499 766 610 829 effe
640 767 825 843 paullo
856 765 1015 831 latius
1050 805 1070 832 ,
1106 781 1281 840 quam
1315 774 1376 819 ut
1408 760 1580 825 tribus
1615 772 1835 821 tantum
1869 762 1968 821 illis
2000 765 2189 825 litteris
2225 810 2244 835 ,

219 867 388 904 vn.
420 862 561 924 quas
590 860 698 919 ego
729 842 875 902 addo
896 884 913 909 ‚
950 851 1141 898 totum
1176 839 1486 913 impleatur.
1518 850 1820 913 praeterea,
1861 839 2101 915 ubilapig
2119 861 2242 900 cor..

220 937 416 1000 ruptus
450 940 583 985 non*
602 920 711 988 est3
751 934 991 977 avorum
1026 918 1377 990 praenomina
1410 913 1719 975 consulibus
1751 914 2010 990 adjunsta
2039 917 2166 976 licet
2185 938 2242 977 a·

223 999 642 1061 nimadvertere
670 1002 1223 1071 praenomen.autem
1240 991 1374 1050 illud
1392 989 1582 1066 ,quod
1601 987 1747 1048 -effet
1776 988 2096 1053 addendum
2117 1036 2134 1062 ,
2167 996 2245 1052 af·-

220 1077 376 1152 sequi
409 1073 760 1134 divinatione
791 1089 911 1131 non
942 1065 1261 1143 possumus:
1301 1084 1434 1125 cum
1468 1066 1512 1124 is
1529 1068 1712 1124 Varro
1733 1109 1749 1134 ‚
1767 1067 1923 1146 cujus
1958 1067 2098 1141 filius
2119 1069 2239 1127 Lu-
2329 1074 2332 1077 '

226 1155 435 1213 cunum
469 1151 761 1225 adoptavit
798 1193 814 1217 ‚
854 1145 1200 1207 consulatum
1231 1162 1352 1204 non
1382 1140 1600 1220 gefferit
1635 1186 1653 1211 ,
1692 1160 1758 1202 ac
1805 1162 1924 1203 non
1964 1136 2145 1204 xiiodo
2179 1147 2238 1206 in

222 1229 495 1305 lapidibus
524 1227 626 1289 illis
646 1268 663 1294 ,
682 1225 774 1285 sed
806 1242 912 1284 nec
945 1223 1005 1280 in
1034 1220 1384 1283 historiarum
1419 1218 1803 1278 monumentis
1822 1263 1841 1288 ,
1898 1220 2016 1282 uod
2031 1221 2197 1282 sciam
2222 1266 2241 1293 ,

222 1307 458 1383 usquam
492 1303 837 1363 nominetur.
912 1297 1009 1356 Est
1041 1296 1206 1372 igitur
1238 1297 1331 1355 hic
1352 1338 1368 1367 ,
1413 1296 1500 1355 M.
1535 1296 1837 1355 Terentius
1858 1239 1956 1353 il.

220 1383 423 1454 manus
442 1426 460 1452 ,
497 1381 682 1439 Varro
701 1423 718 1449 ‚
759 1374 1059 1457 Lueullus'3
1080 1391 1112 1431 a
1145 1390 1263 1449 quo
1284 1416 1301 1442 ,
1322 1373 1386 1433 δέ
1415 1371 1488 1430 ab
1518 1372 1633 1446 ejus
1669 1372 1878 1445 collega
1914 1372 1980 1433 C.
2015 1374 2196 1433 Cassio
2217 1417 2237 1443 ‚

225 1460 445 1592 lexxilna
476 1456 651 1522 Caffia
682 1451 1043 1519 frumentaria
1071 1451 1180 1515 lata
1216 1448 1291 1507 est
1315 1492 1332 1523 ‚
1372 1447 1443 1506 de
1476 1463 1588 1525 qua
1628 1447 1830 1506 Cicero
1862 1447 1944 1506 bis
1977 1452 2240 1512 meminit

229 1552 290 1599 m
386 1552 578 1607 errem.
1176 1568 1179 1593 ;

302 1610 592 1689 Lepidus,]
649 1627 768 1670 non
798 1608 888 1668 M.
921 1602 1170 1680 Lepidus
1206 1645 1223 1671 ,
1278 1602 1377 1679 qui
1420 1601 1614 1676 postea‘
1640 1601 1899 1662 triumvir
1930 1601 2232 1676 perdendae

224 1691 305 1747 rei
334 1688 577 1764 publicae
609 1687 714 1744 fuit
733 1684 867 1761 ,qui
900 1679 1181 1740 nominari
1211 1696 1332 1743 non
1363 1679 1556 1753 potuit
1579 1678 1724 1740 inter
1739 1678 2045 1737 consulares
2064 1723 2081 1749 ,
2101 1696 2233 1743 cum

222 1784 342 1836 non
377 1763 480 1824 nifi
511 1762 700 1834 multis
731 1760 853 1836 post
884 1757 1038 1817 annis
1075 1754 1266 1818 consul
1295 1755 1462 1813 fuerit
1494 1778 1512 1823 3
1552 1752 1644 1812 se'd
1681 1798 1698 1824 ,
1737 1756 1893 1815 Man.
1931 1755 2178 1829 Lepidus
2217 1799 2236 1825 ‚

222 1842 321 1919 qui
353 1841 706 1909 consulatum
737 1834 965 1913 gefferat
999 1850 1131 1891 cum
1166 1832 1236 1893 L.
1267 1829 1533 1896 Volcatio
1571 1830 1765 1891 Tullo.
1799 1833 1990 1906 itaque
2024 1838 2119 1889 eos
2140 1833 2237 1898 Ci-

225 1936 352 1977 cero
388 1918 652 1991 deinceps
684 1924 981 1973 memorat.

244 2054 245 2057 ,
299 1992 553 2073 Glabrio]
597 1993 754 2063 Man.
788 1989 999 2069 Acilius
1034 1985 1263 2045 Glabrio
1299 2006 1318 2051 ;
1375 1984 1472 2062 'qui
1504 2002 1653 2044 anno
1685 1994 1815 2043 ante
1851 1981 2134 2057 Lepidum
2174 1983 2234 2040 δε

208 2070 554 2141 ‚Volcatium
590 2067 779 2131 consul
810 2083 939 2124 cum
974 2061 1154 2123 fuiffet
1190 2064 1207 2131 ’,
1260 2060 1382 2135 post
1418 2078 1515 2119 eos
1547 2072 1738 2121 tamen
1769 2060 1865 2118 hic
1896 2058 2237 2123 nominatur.

221 2148 374 2227 quod
409 2147 599 2205 mirari
629 2143 838 2222 puerile
871 2143 961 2200 est.
999 2152 1206 2216 praetor
1235 2138 1342 2195 fuit
1371 2137 1433 2196 in
1464 2134 1894 2211 cauffa‘Verris.·
1921 2150 1929 2159 ·
2189 2166 2194 2175 ·

288 2226 405 2299 Pag
436 2243 528 2297 42.
565 2221 830 2299 Pratores]
873 2221 1003 2277 cum
1037 2216 1113 2276 ex'
1138 2215 1464 2293 praetoribus
1490 2216 1780 2274 neminem
1797 2214 2091 2281 nominet,
2130 2232 2228 2289 ap÷

220 2314 373 2377 paret
423 2318 626 2359 omnes
674 2294 901 2357 affuisse.
935 2295 1133 2353 omnes
1163 2303 1353 2352 autem
1387 2293 1499 2350 hoc
1529 2301 1788 2366 tempore
1822 2290 1956 2350 oeto
1990 2290 2232 2348 omnino

221 2379 463 2448 fuerunt.
503 2385 828 2451 argumenta
848 2416 864 2441 ,
903 2372 1103 2448 quibus¹
1131 2367 1414 2437 adducor,
1450 2378 1513 2426 ut
1541 2368 1619 2425 ita
1651 2364 1757 2426 effe
1790 2365 2014 2425 credam
2050 2408 2066 2433 ‚
2106 2368 2230 2423 haec

218 2453 359 2514 sunt.
436 2454 711 2512 Praetores
747 2494 766 2521 ,
818 2450 970 2533 gesto
1006 2466 1094 2505 ma
1137 2445 1319 2503 istratu
1351 2484 1368 2510 ,
1410 2443 1630 2502 exibant
1662 2443 1720 2503 in
1752 2442 2078 2515 provincias,
2117 2443 2233 2499 hoc

221 2531 278 2598 in
310 2531 549 2590 dubium
584 2530 777 2595 vocari
807 2544 926 2592 non
942 2535 1076 2600 pote
1124 2565 1136 2578 .
1175 2521 1337 2595 plena
1354 2518 1971 2592 exemplorum'omnia.
2011 2515 2233 2573 videtur

222 2608 389 2683 igitur
421 2603 530 2665 effe
564 2603 767 2662 rationi
797 2601 1231 2660 consentaneum
1253 2638 1270 2662 ‚
1289 2605 1351 2652 ut
1383 2612 1573 2652 earum
1603 2593 2017 2668 provinciarum
2034 2609 2236 2649 nume-

221 2701 308 2750 ms
340 2702 478 2742 cum
509 2695 815 2757 praetorum
845 2684 1093 2752 numero·
1115 2671 1448 2745 congruerit.
1478 2670 1573 2728 has
1606 2685 1774 2744 porro
1808 2667 1867 2724 in
1881 2667 2235 2725 senatuscon-

219 2758 359 2819 sulto
381 2804 398 2830 ,
440 2755 599 2836 quod
630 2756 715 2813 M.
750 2754 959 2812 Coelius
990 2752 1059 2808 ad
1094 2749 1433 2807 Ciceronem
1468 2745 1613 2805 mifit
1634 2787 1650 2813 ,
1689 2742 1825 2801 odio
1855 2742 2027 2801 video
2044 2745 2234 2801 nomi·

220 2838 354 2897 nari.
440 2846 669 2911 Itemque
698 2874 715 2900 ‚
755 2831 937 2908 inquit
968 2871 986 2897 ,
1006 2823 1221 2903 senatui
1242 2823 1468 2900 placere,
1507 2823 1561 2878 in
1597 2820 1830 2890 Ciliciam
1856 2820 2181 2896 provinciam
2207 2837 2233 2889 ·‚

216 2913 370 2991 inque
399 2916 509 2968 oeta
539 2910 756 2987 reliquas
778 2901 1072 2984 provincias
1101 2947 1117 2972 ,
1171 2921 1302 2980 quas
1322 2898 1539 2978 pretorii
1558 2910 1649 2974 pro
1670 2910 1876 2973 pretore
1906 2895 2183 2952 obtinerent
2217 2917 2232 2955 ε

225 2991 283 3047 &
315 3007 450 3067 quae
480 2987 781 3063 sequuntur
817 3026 836 3051 ,
870 2983 944 3042 Et
974 2980 1033 3038 in
1066 2980 1324 3037 oratione
1354 2994 1457 3052 pro
1491 2975 1713 3033 Milone
1748 3016 1764 3041 ,
1802 2987 1912 3029 erat
1946 2989 1980 3041 ‚·
2002 2972 2183 3048 inquit
2217 3015 2236 3044 ,

217 3065 271 3123 id
301 3063 532 3140 temporis
560 3060 729 3138 consul
760 3069 821 3116 P.
857 3056 1101 3115 Lentulus
1133 3098 1149 3123 ‚
1177 3056 1366 3132 septem
1386 3066 1613 3129 pratores
1642 3094 1659 3120 ‚
1700 3051 1805 3105 oeta
1835 3047 2027 3104 tribuni
2050 3047 2199 3124 plebis
2207 3091 2237 3117 ,

142 3187 147 3196 ,
220 3141 491 3217 desbnfhres
519 3138 631 3195 mei.
698 3137 899 3212 Septem
932 3133 1188 3194 nominat
1207 3174 1223 3199 ‚
1261 3148 1378 3187 uno
1411 3127 1604 3203 Appio
1637 3125 1707 3183 de
1740 3124 1998 3192 omnibus
2034 3141 2235 3198 excep-

221 3228 319 3276 to:
361 3214 523 3294 quod
555 3226 741 3291 aperte
772 3211 980 3270 indicat
1013 3210 1068 3267 in
1104 3207 1360 3266 oratione
1392 3223 1449 3262 m
1480 3204 1740 3261 Pilonem
1762 3242 1779 3268 ,
1818 3198 1899 3257 his
1918 3199 2127 3257 verbis:
2153 3208 2233 3256 De
2307 3269 2312 3274 ᾖ

220 3314 298 3350 me
331 3314 450 3351 cum
481 3312 650 3348 omnes
682 3288 1009 3362 magistratus
1032 3280 1426 3367 promulgafflnt
1444 3322 1460 3348 ,
1490 3292 1678 3355 prater·
1696 3295 1859 3333 unum
1881 3289 2138 3352 pretorem
2160 3319 2176 3344 ,
2198 3296 2232 3330 a

254 3390 317 3426 uo
347 3390 452 3426 non
470 3364 972 3443 suit-postulandum
1006 3405 1024 3431 ,
1050 3363 1280 3433 fratrem
1308 3355 1497 3433 mimici
1525 3355 1624 3412 mei
1654 3397 1671 3423 ,
1701 3366 1972 3429 preterque
2020 3353 2143 3408 duos
2173 3352 2232 3407 de

218 3392 376 3522 Zzpide
407 3458 594 3521 emptos
625 3442 852 3499 tribunos
873 3440 943 3515 pl.
975 3439 1122 3513 legem
1154 3433 1362 3492 comitiis
1389 3431 1683 3488 centuriatis
1727 3428 1849 3484 tulit
1895 3437 1954 3484 Ρ.
1987 3427 2234 3483 Lentulus

218 3522 388 3596 consul
417 3522 478 3587 de
506 3519 678 3595 collega
714 3522 794 3593 Q
822 3515 1013 3573 Metelli
1030 3510 1303 3589 sententia.
1379 3508 1453 3564 Et
1486 3525 1588 3582 pro
1622 3506 1811 3563 Sextio
1846 3501 1918 3558 fic
1953 3521 1965 3559 ε
2010 3502 2231 3576 Collegas

226 3598 352 3653 Milo
383 3599 640 3674 adjutores
667 3593 901 3651 habebat.
935 3588 1141 3665 consulis
1170 3584 1380 3642 alterius
1399 3582 1670 3658 summum
1691 3579 1920 3653 studium
1957 3619 1973 3646 ,
2025 3578 2234 3634 alterius

206 3672 428 3744 ⁸animus
451 3688 572 3749 pene
596 3670 844 3746 placatus.
881 3667 940 3723 de
962 3661 1248 3742 praetoribus
1280 3678 1413 3716 unus
1441 3660 1646 3715 alienus.
1701 3653 1879 3729 Quod
1910 3652 1950 3708 fi
1980 3654 2101 3729 quis
2134 3672 2235 3729 pu-

226 3760 305 3807 tet
340 3792 356 3817 ‚
419 3767 601 3810 unum
649 3744 879 3823 quidem
913 3741 1165 3817 Appium
1203 3756 1272 3795 ex
1305 3734 1563 3792 universo
1596 3744 1902 3808 praetorum
1935 3730 2173 3805 collegio
2206 3749 2238 3787 a

228 3825 449 3902 collegis
483 3826 542 3890 in
572 3823 849 3906 Cicerone
883 3814 1205 3879 revocando
1241 3808 1530 3943 diffegfiffe
1550 3852 1567 3879 ,
1608 3808 1842 3881 colleg-as
1875 3816 2068 3863 tamen
2099 3806 2241 3880 ipsos

1196 3917 1207 3921 ·
1461 3904 1491 3962 3
1787 3913 1792 3917 ·
2138 3899 2256 3940 non

2175 4131 2248 4184 μ’

1974 1297 2049 1357 F.
2085 1298 2241 1358 Lici·
2336 1350 2339 1355 .
