2514 4438
311 161 460 255 ‘2525
678 140 1142 225 PAneniir
1189 141 1973 224 Comana-rumne

318 273 619 409 versamsgst
652 267 762 329 Sed
792 278 974 327 metus
1003 262 1421 343 prouidentiam
1450 264 1622 326 docet
1655 283 1672 322 ι
1725 264 1894 326 nimis
1924 261 2221 327 confidens
2304 272 2470 330 in*

317 366 670 500 'calleESdicium
698 422 757 479 de
786 420 1006 508 ingenio]
1045 417 1105 483 in
1136 421 1322 497 primo
1353 416 1424 478 de
1457 427 1597 478 orat.
1673 418 1885 495 §Quoties
1913 415 2129 478 dicimus
2148 462 2168 488 ,
2206 421 2470 480 toties

322 503 382 563 de
413 502 547 559 nobis
568 497 853 576 judicatur.
930 498 1182 558 Drvinat.
1209 497 1270 557 in
1298 496 1541 556 Verrem
1560 494 1679 554 :Ut
1707 496 2041 559 nonnullum
2082 497 2297 566 etiarn
2330 497 2463 560 de

325 579 425 642 suo
461 576 690 653 ingenio
713 574 991 651 judicium
1021 573 1142 634 fieri
1170 574 1477 635 arbitretur.

399 657 528 732 Ejus
545 653 820 727 facultatis
888 652 1168 711 Oratoriae
1203 651 1344 710 artis.

389 734 531 867 ἵζε-ιι
549 729 744 807 tibisct'o
758 749 782 785 e
819 723 1091 861 ‘seposttag
1128 745 1194 787 ex
1223 726 1398 804 longo
1428 727 1607 789 studio
1637 729 1701 789 &
1716 729 2123 790 exercitatione
2141 770 2162 797 ,
2190 728 2443 807 quod

325 808 387 887 ip
411 828 443 870 e
474 807 545 866 de
578 807 632 865 se
664 805 919 871 testatur,
959 805 1016 862 in
1094 814 1221 862 rnto
1240 845 1259 876 ,
1299 804 1370 864 ad
1399 805 1573 865 finem
1591 828 1611 872 3
1652 807 1713 865 &
1745 804 1975 865 dlvinat.
1999 805 2425 865 inVerrem.

410 895 477 942 Ut
500 895 694 961 parata
726 900 786 938 ac
807 880 1074 958 prompta]
1114 897 1233 940 non
1262 879 1383 942 satis
1417 881 1491 942 est
1523 882 1788 958 seponere
1820 882 1942 942 haec
1975 922 1994 951 ,
2046 880 2275 960 quibus
2333 882 2429 944 in

333 959 578 1021 dicendo
612 969 831 1016 utamur
862 976 881 1023 3
924 953 1124 1015 eadem
1152 955 1265 1034 ipsa
1296 957 1394 1016 usu
1423 957 1749 1034 pertrafflta
1778 957 2080 1020 habeamus
2117 999 2136 1028 ,
2177 974 2417 1033 opor-

333 1047 449 1097 tet:
492 1038 550 1095 &
569 1077 587 1103 ,
625 1047 686 1092 ut
717 1034 774 1091 in
807 1049 858 1090 2.
891 1029 961 1090 de
997 1044 1135 1090 orat.
1190 1039 1360 1091 Genus
1389 1053 1568 1092 earum
1600 1053 1775 1094 rerum
1793 1078 1810 1104 ,
1850 1054 1963 1113 que,
1986 1034 2058 1092 ad
2089 1048 2411 1091 oratorem

331 1113 628 1187 deferuntur
645 1152 692 1242 ,d
702 1109 1009 1242 {rebel-iratum
1044 1106 1178 1166 nobis
1209 1110 1267 1168 in
1286 1122 1583 1187 perpetuum
1597 1110 1671 1170 ad
1685 1131 1885 1170 omnem
1916 1110 2067 1187 usum
2089 1106 2412 1186 furnilium

333 1210 508 1247 rerum
539 1208 564 1246 θ
600 1208 625 1244 e
690 1208 713 1242 e
743 1207 768 1242 e
800 1200 859 1242 tt.
1818 1220 1825 1227 ·

410 1273 482 1322 Et
502 1187 623 1342 fage
654 1283 759 1342 qua
789 1263 849 1319 de
881 1260 1252 1341 Demosthenis]
1292 1263 1582 1323 aemulatio
1613 1263 1709 1324 alit
1741 1261 1963 1336 ingenia
1996 1284 2015 1331 3
2056 1272 2121 1321 ut
2154 1261 2401 1322 Velle-

319 1341 449 1421 juS‚
489 1342 580 1400 lib.
618 1359 663 1399 1.
705 1340 768 1398 In
804 1339 998 1399 animo
1032 1329 1221 1399 a'utem
1251 1338 1446 1414 gloriae
1485 1338 1726 1416 cupido,
1763 1339 1938 1416 qualis
1973 1339 2081 1397 fuit
2111 1338 2388 1397 Cicero-

334 1420 419 1478 nis
453 1461 471 1487 ,
512 1415 814 1494 plurimum
847 1414 1024 1491 potest
1057 1437 1075 1482 3
1117 1426 1172 1474 at
1212 1433 1285 1473 ue
1319 1415 1457 1475 iuius
1486 1417 1731 1477 hominis
1766 1414 2338 1491 mentiopraecipue
2356 1437 2384 1482 ς

335 1495 491 1569 cujus
521 1494 675 1561 vim,
757 1509 846 1549 uae
881 1491 988 1549 fuit
1018 1490 1131 1550 fine
1208 1491 1338 1550 ubio
1374 1493 1623 1561 summa,
1663 1490 2088 1569 exprimendam
2125 1489 2225 1549 fibi
2248 1491 2388 1550 sta-

332 1581 531 1705 τῖιῖιὲιταῐ.
606 1569 708 1701 Del
730 1567 909 1702 ἰ,ιιὲἰὶο
942 1568 1003 1626 &
1035 1565 1292 1628 industria
1321 1569 1715 1630 Demosthenis
1746 1610 1765 1639 ,
1800 1568 1893 1629 lib.
1929 1587 1978 1630 1.
2009 1565 2084 1627 de
2111 1577 2255 1626 orat.
2300 1567 2380 1626 &

450 1690 461 1702 .
499 1647 652 1704 Max.
710 1643 727 1701 i
767 1687 778 1699 .
849 1686 863 1700 .

414 1721 730 1852 Demetriu'sl]
771 1719 864 1778 hic
898 1720 973 1778 est
1005 1719 1329 1782 Demetrius
1360 1723 1651 1784 Phalereus
1667 1747 1687 1792 3
1728 1723 1802 1782 de
1833 1739 1953 1800 quo
1984 1721 2081 1784 lib.
2100 1741 2151 1780 2.
2178 1721 2247 1779 de
2271 1720 2376 1779 di-

333 1800 505 1860 vinar.
588 1805 673 1854 Mt
711 1796 787 1866 ti,
826 1795 1009 1873 inquit
1026 1838 1043 1864 ,
1063 1812 1260 1856 natura
1290 1800 1484 1857 vitium
1514 1799 1835 1858 meditatione
1846 1813 2004 1878 atque
2029 1797 2373 1860 exercitatio-

336 1896 400 1934 ne
419 1872 766 1952 sustulerunt:
807 1888 868 1929 ut
903 1874 1283 1948 Demosthenem
1301 1916 1319 1947 ,
1348 1874 1522 1952 firibit
1556 1875 1826 1934 Phalereus
1842 1916 1862 1943 ,
1897 1894 2016 1934 cum
2050 1873 2164 1933 Rho
2194 1873 2369 1930 dicere

337 1955 567 2031 nequiret
583 1992 601 2018 ,
640 1948 991 2008 exercitatione
1010 1951 1173 2026 fectffe
1189 1992 1207 2019 ,
1244 1966 1307 2008 ut
1365 1951 1605 2027 laniffime
1634 1947 1831 2011 diceret.
1956 1999 1961 2004 .

419 2027 610 2086 Deinde
644 2044 709 2089 cy
740 2026 1022 2083 amicorum
1053 2026 1332 2085 multitudo
1401 2027 1569 2088 tribus
1588 2028 1887 2089 rationibus
1904 2035 2061 2103 putat
2086 2024 2368 2085 sublevari

367 2117 370 2122 ·
423 2103 495 2162 ffe
528 2103 841 2161 novitatem
874 2102 1119 2161 nominis
1150 2102 1292 2162 illius
1308 2125 1327 2171 3
1372 2103 1727 2189 eloquentia,
1765 2104 2079 2163 amicorum
2098 2102 2359 2161 multitu-

381 2180 473 2240 ine
509 2222 527 2249 ,
566 2173 1205 2314 comKetitorum.vitiis.
1283 2178 1378 2239 De
1408 2196 1586 2255 pruna
1609 2182 1732 2258 jam
1764 2179 1995 2240 dietum.
2073 2179 2247 2238 Nunc
2278 2177 2360 2239 de

336 2258 654 2318 amicorum
733 2254 882 2314 udio.
923 2253 987 2313 In
1018 2242 1132 2312 hoc
1165 2253 1471 2315 videndum
1491 2297 1510 2326 ,
1549 2268 1612 2316 ut
1644 2259 1705 2319 &
1736 2254 2317 2334 plurimi&van‘ifint
2331 2276 2356 2321 3

334 2334 397 2396 id
428 2334 540 2403 est,
579 2351 648 2392 ex
677 2332 838 2392 omni
909 2349 1109 2401 enere,
1150 2348 1220 2390 ex
1252 2332 1417 2391 omni
1442 2330 1675 2405 ordine,
1717 2345 1882 2403 aetate
1917 2331 2173 2409 &gradu
2215 2330 2355 2390 Nec

335 2410 508 2480 dicit,
549 2421 611 2468 ut
644 2408 780 2480 fint,
819 2408 872 2466 se
944 2420 1005 2467 ut
1033 2419 1366 2484 appareant3
1407 2425 1527 2468 non
1558 2409 1738 2470 modo
1769 2410 1900 2487 quia
1931 2410 1990 2468 in
2024 2408 2304 2484 petitione
2326 2447 2348 2475 ‚

334 2489 438 2567 qui
470 2504 599 2546 vere
633 2486 755 2544 sunt
786 2484 988 2553 amici,
1025 2494 1151 2543 turn
1179 2483 1291 2544 sese
1320 2484 1645 2556 ostendant,
1683 2498 1946 2563 oportet,
1982 2502 2220 2562 operam
2249 2501 2350 2543 na-

338 2564 530 2623 vando
559 2584 577 2631 3
618 2559 709 2621 sed
739 2562 909 2620 etiam
943 2560 1074 2636 quia
1107 2560 1166 2618 in
1201 2560 1418 2620 ratione
1450 2564 1688 2622 ambitus
1721 2604 1738 2630 ,
1775 2562 1931 2638 plura
1960 2560 2032 2620 ad
2064 2560 2307 2637 speciem
2329 2600 2348 2629 ,

335 2657 512 2718 quam
546 2638 614 2697 ad
644 2639 937 2696 veritatem
970 2646 1378 2709 comparantur.
1456 2637 1604 2698 Infra
1633 2638 1839 2698 iterum
1873 2657 1889 2697 ι
1956 2638 2250 2697 Multitudo
2273 2656 2353 2695 eo-

330 2737 462 2796 ⁴gum
482 2757 498 2786 ‚
539 2734 660 2792 quos
692 2729 786 2770 tua
819 2710 985 2795 cauffiz
1017 2710 1198 2786 ventffi
1236 2724 1495 2788 appareat.

420 2792 588 2849 Habes
616 2788 750 2846 enim
782 2789 865 2865 ea]
907 2785 1037 2844 1deo
1066 2785 1226 2845 facile
1256 2799 1522 2863 poterunt
1550 2806 1810 2867 apparere
1826 2831 1846 2858 ,
1886 2790 2163 2868 quoniam
2182 2791 2350 2855 habes

337 2884 469 2947 quae
505 2862 890 2925 defiderantur.

415 2946 542 3028 Qa
575 2940 698 2999 novi
730 2936 1047 3020 babuerunt]
1087 2938 1271 3019 aliqua
1302 2959 1434 3004 cum
1466 2941 1582 3002 aliis
1616 2942 1941 3004 communia
1970 2964 1992 3010 3
2033 2945 2218 3025 aliqua
2250 2953 2348 3003 tua

341 3035 584 3098 propna.

422 3104 608 3153 Omnes
633 3093 922 3170 publicanos
936 3136 953 3164 ,
992 3107 1161 3151 totum
1176 3096 1290 3169 fere
1319 3096 1544 3155 ordinem
1572 3118 1598 3155 e
1634 3098 1867 3177 uestrem]
1921 3098 2047 3176 conj
2055 3097 2214 3173 ungit
2247 3115 2350 3173 pu-

340 3171 586 3231 blicanos
620 3188 748 3229 cum
781 3170 1089 3258 equitibus3
1130 3171 1261 3248 quia
1295 3168 1429 3232 nulli
1460 3172 1551 3231 alii
1608 3186 1807 3233 uerunt
1837 3174 2150 3249 publicani,
2176 3191 2347 3250 quam

341 3250 557 3326 equites
593 3247 855 3306 Romam.
933 3247 1135 3308 Cicero
1166 3267 1270 3323 pro
1306 3248 1410 3307 Cn.
1441 3249 1682 3309 Plancio,
1723 3250 1834 3308 Flos
1860 3250 2095 3328 equitum
2127 3258 2344 3309 Roman.

340 3339 703 3382 ornamentum
731 3323 958 3381 civitatis
976 3366 993 3394 ,
1022 3324 1420 3398 firmamentum
1450 3325 1562 3412 reip.
1582 3325 1970 3402 publicanorum
1999 3326 2170 3384 ordine
2194 3323 2348 3382 conti-

343 3418 510 3461 netur.
549 3402 718 3460 Erant
749 3412 934 3461 autem
970 3401 1392 3477 publicanorum
1424 3402 1708 3462 socletates
1728 3443 1746 3471 ‚
1786 3421 1917 3481 quae
1947 3402 2246 3477 plurimum
2280 3403 2339 3459 in

343 3497 460 3554 rep.
495 3489 765 3554 poterant.
801 3477 919 3535 Cic.
954 3491 1089 3536 orat.
1124 3496 1226 3554 pro
1262 3477 1486 3538 Sextio:
1532 3478 1693 3535 Nulla
1707 3492 1821 3537 erat
1838 3478 2213 3555 Romaefim‘etas
2228 3494 2343 3534 vec-

346 3554 579 3629 tigalium
616 3598 633 3626 ,
671 3554 873 3611 nullum
903 3554 1151 3630 collegium
1183 3569 1280 3610 aut
1312 3554 1568 3613 concilium
1605 3596 1622 3624 ,
1663 3556 1798 3634 quod
1831 3570 1948 3611 tum
1981 3575 2086 3612 non
2114 3551 2341 3625 honorifi-

341 3630 607 3705 centissime
640 3629 915 3706 decrevtffit
947 3630 1004 3687 de
1034 3650 1147 3688 mea
1165 3630 1354 3705 salute.
1429 3631 1623 3708 Atque
1653 3632 1756 3690 hos
1789 3632 2033 3691 fautores
2061 3629 2218 3689 fuiffe
2247 3628 2338 3686 Ci-

350 3708 578 3777 ceroni,
617 3706 912 3769 verisnnile
946 3705 1049 3765 est:
1091 3723 1221 3766 cum
1256 3708 1316 3768 &-
1347 3704 1457 3784 ipse
1488 3707 1724 3786 equestri
1751 3705 1889 3770 loco
1925 3704 2058 3772 effet
2075 3719 2260 3777 ortus3
2279 3714 2341 3838 αἱ
