2514 4438
390 258 497 316 11⁴1
546 237 745 313 Lm.
788 238 893 311 ΙΙ.
942 234 1277 310 Eva-'An
1324 237 1435 339 Q
1473 233 1632 312 Fu.
1683 238 1838 314 Er.
1884 240 1993 315 11.
2122 248 2222 343 '35'

259 359 541 447 Voluntati
553 352 818 443 'Pompejss
857 355 989 490 §uia
1006 398 1025 423 ,
1062 352 1162 442 etfi
1188 372 1295 431 pro
1326 357 1575 417 Lentulo
1605 357 1840 419 studiose
1853 401 1873 430 ,
1913 360 1990 418 ita
2021 370 2218 424 tamen

185 453 404 513 egimus
427 479 446 505 ‚
484 445 549 492 ut
578 444 836 492 amnium
909 450 1009 492 om
1075 449 1124 508 μ
1152 448 1229 491 ne
1259 433 1693 494 offenderemus.

176 538 185 563 .·
258 514 639 569 obereelatores
666 508 909 587 Lentuli]
962 526 995 567 a
1034 508 1299 587 versarios
1329 511 1389 570 in
1418 510 1748 570 reduffione
1796 515 1944 588 regis
1978 512 2120 573 duos
2151 516 2217 574 in

176 590 376 666 primis
406 587 686 647 Lentulus
710 585 947 667 lubebat
961 626 982 653 ,
1021 584 1305 644 Catonem
1324 629 1342 656 ‚
1386 588 1449 645 ὅ(
1480 587 1782 648 Caninium
1802 631 1822 659 ,
1858 588 2111 649 tribunos
2136 593 2214 666 pl.

176 667 471 737 Catonem
505 661 742 749 quiciem
758 692 779 731 ,ν
816 672 1001 721 totam
1026 660 1420 729 redutffionem
1451 664 1593 739 regis
1624 678 2048 741 oppugnantem
2068 710 2086 737 ,
2101 685 2213 726 nec

178 744 369 802 minus
392 742 684 817 Pompeio
702 781 721 809 ,
759 754 933 816 quam
967 737 1219 798 Lentulo
1237 781 1256 808 ,
1297 740 1576 798 infensum
1611 761 1625 799 ε
1666 740 1824 818 quod
1853 740 2214 819 ostendit-ep.

179 839 234 896 ς.
278 818 586 879 Caninium
615 820 821 875 autem‘
834 814 1025 873 reduci
1054 831 1245 890 regem
1266 859 1283 884 ,
1322 832 1443 875 non
1476 835 1510 875 a
1541 816 1792 876 Lentulo
1810 843 1833 886 ,·
1867 816 1964 878 sed
1991 819 2212 879 aPom-

175 898 313 973 peio
343 897 691 971 cupientem.
724 893 786 949 &
823 892 972 950 Cato
1007 909 1081 949 eo
1107 892 1376 967 proceffit
1417 893 1721 952 imcundiae
1764 911 1831 955 ac
1860 894 2210 955 malevolen-

178 974 314 1043 tiae,·
351 983 418 1033 ut
449 972 523 1032 de
556 967 879 1046 abrogando
909 968 1166 1037 Lentulo
1199 967 1420 1027 Ciliciae
1449 971 1695 1045 imperio
1726 971 1916 1045 legem
1950 973 2209 1047 promul-

178 1051 408 1184 {averia
444 1046 612 1126 quod
643 1064 712 1107 ex
740 1043 945 1103 eadem
977 1044 1205 1120 epistola
1230 1045 1604 1120 cognoscitur.
1642 1047 1874 1106 Nonius
1890 1049 2062 1107 etiam
2079 1049 2212 1108 haec

230 1126 499 1186 enestellae
530 1122 702 1182 verba
733 1139 802 1180 ex
834 1121 1020 1180 annali
1046 1138 1150 1178 xxr
1164 1139 1211 1178 1.
1241 1122 1456 1181 recitat.
1497 1131 1564 1179 Ut
1581 1124 1941 1199 magistratum
1961 1125 2209 1203 5inquit‚

178 1204 402 1261 inierunt
432 1201 645 1273 tribuni·
667 1242 684 1268 ‚
727 1205 792 1255 C.
830 1205 970 1255 Cato
1002 1240 1022 1266 ,
1063 1195 1393 1254 turbulentus
1421 1199 1729 1274 adolescensj
1767 1220 1834 1261 ω·
1860 1203 2044 1258 audax
2061 1245 2080 1271 ‚
2119 1223 2210 1262 nec

179 1280 466 1357 imparatus
496 1279 570 1335 ad
598 1275 865 1333 dicendum
884 1316 903 1343 ‚
941 1271 1252 1329 concionibus
1288 1274 1488 1348 affiduis
1519 1276 1781 1333 invidiam
1816 1295 1883 1337 ey
1942 1280 2208 1339 Ptolem„

170 1355 337 1433 fimul
353 1395 374 1427 5
413 1356 502 1436 qui
520 1356 643 1431 jam
672 1372 738 1409 ex
771 1359 895 1408 urbe
915 1350 1168 1427 prqfeflus
1197 1365 1313 1409 erat
1347 1371 1367 1419 ,·
1407 1366 1474 1412 ω’
1506 1360 1568 1408 Ρ.
1605 1352 1823 1407 Lentulo
1854 1353 2041 1427 consuli
2055 1398 2074 1425 ,
2102 1370 2208 1432 pa.

181 1434 332 1490 ranti
356 1434 470 1504 jam
501 1432 599 1487 iter
632 1460 652 1500 ,»
702 1428 952 1485 concitare
986 1467 1005 1494 ,
1045 1425 1266 1502 sicando
1335 1426 1500 1483 uidem
1522 1427 1695 1503 popuii
1737 1448 1940 1484 rumore
1974 1472 1992 1499 ‚
2045 1435 2211 1508 caspia

178 1509 456 1569 Caninius
482 1519 671 1566 autem
699 1504 771 1562 us
800 1522 873 1561 ue
905 1502 1269 1590 eo·Pompeji
1299 1448 1564 1561 studiosus
1596 1504 1734 1572 fuit,
1752 1515 1816 1562 ut
1841 1506 2026 1579 legem
2056 1507 2208 1568 ferre

180 1598 419 1645 conatus
447 1583 510 1642 fit
539 1627 557 1654 ,
610 1600 721 1659 qua
807 1596 1067 1655 ompeJus
1101 1596 1231 1637 cum
1263 1577 1480 1638 duobus
1508 1578 1791 1638 lictoribus
1816 1580 2204 1645 Ptolemaeum

180 1662 483 1722 reduceret.
520 1658 680 1737 quod
717 1655 873 1733 apud
902 1656 1261 1727 Plutarchum
1294 1656 1354 1715 in
1377 1655 1659 1733 Pompeio
1689 1656 1952 1732 scriptum
1991 1661 2081 1719 est.
2114 1662 2206 1725 ide

219 1758 288 1799 ue
319 1739 525 1797 Cicero
552 1736 664 1812 ipse
692 1735 753 1793 in
782 1732 1007 1809 epistola
1038 1732 1273 1807 septima
1302 1730 1566 1806 fignificat
1594 1734 1655 1791 in
1685 1734 1770 1792 his
1801 1736 2016 1795 verbis:
2058 1740 2204 1796 Mihi

198 1830 358 1894 emper
389 1831 488 1887 tna
516 1814 666 1870 <laudi
679 1814 872 1884 flavere
905 1808 1048 1886 visus
1078 1810 1145 1883 est
1178 1846 1198 1877 ,
1253 1810 1414 1867 etiam
1446 1808 1545 1885 ipso
1565 1808 1955 1885 suspiciofiffimo
1988 1827 2205 1891 tempore

180 1892 485 1951 Caniniano.
2261 1916 2272 1923 =

249 1967 558 2046 Calumnia]
598 1965 739 2025 fietis
768 1965 840 2024 ad
870 1961 1296 2039 impediendum
1329 1959 1534 2020 cauffis.
1572 1961 1708 2022 dicit
1737 1961 1891 2022 idem
1906 1960 2106 2025 eadem
2127 1965 2208 2039 de,
2299 1992 2305 1999 ⁴

177 2065 234 2106 te
257 2047 314 2105 in
345 2045 574 2122 epistola
602 2043 675 2103 ad
705 2042 1017 2107 Lentulum
1050 2051 1262 2117 quarta.

247 2124 372 2181 Dies
400 2121 699 2199 comitiales]
742 2118 858 2177 dixi
878 2119 1002 2195 jam
1030 2114 1101 2174 de
1131 2118 1244 2197 noc
1269 2133 1476 2192 genere
1504 2116 1742 2176 dierum.

246 2200 533 2260 Latrocinia
563 2197 932 2266 tribunorum,
1014 2185 1299 2253 Catonem
1331 2195 1388 2253 in
1419 2192 1611 2271 primis
1630 2237 1647 2264 ,
1687 2188 2071 2258 &Gininium
2088 2204 2199 2259 not

175 2287 284 2337 tat:
325 2294 577 2356 quorum
604 2274 678 2334 ad
703 2273 915 2349 eripien
956 2289 1050 2331 am
1079 2272 1332 2330 Lentulo
1357 2272 1500 2346 regis
1540 2271 1932 2332 reductionem
1964 2275 2198 2353 iniquis-

181 2353 343 2413 sunos
373 2364 607 2414 conatus
636 2349 961 2408 latrocinium
989 2349 1240 2425 appellat.
1274 2348 1346 2406 de
1375 2348 1574 2435 quibus
1614 2349 1786 2407 etiam
1831 2350 1982 2425 epist.
2023 2371 2075 2425 4.
2125 2351 2197 2410 ad

180 2431 491 2491 Lentulum
524 2429 629 2487 fic:
673 2427 785 2503 Qi
814 2445 951 2483 nunc
970 2427 1143 2501 populi
1175 2433 1239 2482 R.
1275 2443 1475 2482 nomine
1488 2467 1507 2494 ,
1544 2444 1598 2481 re
1623 2440 1800 2482 autem
1834 2431 1964 2482 vera
1982 2428 2198 2502 scelera-

171 2507 342 2581 tissimo
372 2505 639 2565 latrocinio
655 2534 675 2573 ‚-
703 2500 759 2579 fi
788 2522 894 2582 qua
928 2503 1250 2558 conabuntur
1278 2519 1417 2578 agere
1433 2542 1451 2568 ,
1478 2500 1615 2575 finis
1635 2500 1904 2577 provtfhm
1933 2504 2001 2575 est
2019 2545 2037 2572 ,
2054 2518 2118 2560 ut
2133 2517 2198 2560 ne

172 2585 295 2662 quid
311 2583 485 2660 salvis
512 2582 742 2658 auspiciis
760 2622 779 2649 ,
820 2594 919 2636 aut
950 2578 1133 2653 legibus
1150 2620 1168 2647 ,
1205 2594 1306 2635 aut
1336 2578 1492 2634 etiam
1511 2576 1625 2652 fine
1657 2577 1717 2633 vi
1747 2597 1890 2651 agere
1913 2578 2116 2653 poffint.

245 2669 347 2718 Per
381 2659 521 2737 vim]
576 2658 698 2716 satis
729 2656 883 2714 enim
911 2653 1199 2730 provisum
1227 2665 1346 2712 erat
1376 2687 1397 2724 ς
1446 2669 1520 2709 ne
1552 2653 1795 2726 perferre
1828 2671 1956 2711 eam
1989 2653 2103 2712 fine
2133 2657 2196 2715 vi

169 2735 363 2812 poffet.
394 2733 554 2816 quod
585 2735 645 2793 ὃ(
711 2733 933 2808 roxime
959 2731 1186 2789 recitata
1214 2731 1384 2790 verba
1416 2745 1487 2786 ex
1515 2743 1545 2785 e
1586 2727 1739 2787 istola
1755 2727 1826 2788 ad
1842 2730 2153 2806 Lentulum
2171 2758 2197 2802 ,ς

171 2816 230 2872 8(
258 2832 323 2873 ea
351 2817 624 2889 praeterea
693 2810 932 2868 eclarant
956 2810 1015 2866 in
1044 2807 1193 2894 epist.
1227 2806 1377 2866 2.-ad
1409 2822 1518 2863 eun
1562 2823 1654 2863 em
1693 2825 1709 2864 :
1749 2805 1907 2881 Quod
1939 2806 2012 2863 ad
2032 2819 2194 2893 popu-³

169 2890 326 2948 larem
360 2891 616 2947 rationem
648 2887 844 2942 attinet
862 2927 879 2954 ,
918 2883 1008 2941 hoc
1036 2885 1275 2941 videmur
1307 2883 1394 2960 effi
1425 2880 1668 2957 conficutt'
1703 2924 1719 2951 ‚
1760 2899 1823 2948 ut
1858 2902 1921 2939 ne
1954 2884 2080 2962 quid
2111 2883 2200 2959 agi

108 3035 113 3038 ,
167 2985 281 3023 cum
302 2968 484 3044 populo
514 2979 612 3021 aut
634 2963 805 3040 salvis
834 2961 1063 3038 auspiciis
1093 2976 1193 3020 aut
1211 2961 1385 3037 salvis
1413 2958 1595 3035 legibus
1612 3000 1631 3027 ,
1668 2973 1767 3016 aut
1784 2959 2115 3038 deniquefinae
2133 2962 2197 3018 vi

259 3059 320 3101 it.
1544 3058 1550 3064 ·

161 3043 596 3198 ψζηατίοηηη]
635 3118 710 3177 de
737 3134 848 3195 qua
875 3115 1134 3193 proxime
1160 3112 1278 3172 dixi
1306 3147 1326 3184 ,-
1363 3123 1428 3171 ut
1451 3109 1757 3187 Pompejus
1800 3125 1932 3171 cum
1965 3112 2188 3171 duobus
2261 3171 2264 3178 ,

164 3194 445 3255 lictoribus
484 3195 863 3254 Ptolemaeum
910 3193 1262 3252 restitueret:
1316 3202 1413 3249 aut
1457 3190 1613 3246 enim
1661 3200 1788 3247 eam
1821 3191 1967 3256 ferre
1998 3189 2191 3264 legem

167 3273 437 3333 Caninius
455 3271 580 3347 jam
612 3282 844 3331 conatus
873 3281 991 3328 erat
1017 3311 1036 3338 ,
1073 3279 1171 3327 aut
1201 3267 1259 3325 se
1286 3267 1530 3325 laturum
1570 3263 1904 3324 ostenderan-
1952 3284 2087 3324 nam
2117 3266 2193 3326 de

166 3361 299 3408 nota
329 3350 627 3424 rogatione
654 3349 815 3424 loqui
843 3347 1047 3405 Cicero
1079 3344 1318 3404 videtur.

231 3426 605 3511 perlaturum]
643 3438 763 3483 non
790 3423 1032 3499 pertulit.
1067 3439 1188 3480 non
1217 3421 1372 3479 enirn
1398 3418 1703 3495 Pompejus
1731 3460 1750 3487 ,
1799 3416 1894 3477 sed
1919 3418 2195 3479 Gabinius

163 3519 355 3578 regem
385 3501 652 3560 restituit:
692 3499 853 3579 quod
879 3519 949 3557 ex
982 3498 1249 3576 Appiano
1270 3535 1290 3566 ,
1328 3496 1524 3556 Dione
1550 3525 1574 3564 ,-
1607 3495 1905 3554 Plutarcho
1922 3537 1941 3565 ,
1978 3495 2097 3569 ipso
2129 3513 2190 3554 e-

158 3581 292 3640 tiam
324 3579 610 3639 Cicerone
638 3577 871 3637 constat.-
1967 3625 1972 3630 .

235 3666 364 3714 Non
394 3654 614 3735 dispicio]
655 3654 863 3716 solebat
890 3652 1046 3712 enim
1071 3649 1377 3727 pompejus
1409 3650 1471 3708 &-
1508 3645 1729 3708 silentio
1760 3649 1957 3723 tegere'
1982 3647 2192 3706 volun-¹

142 3742 337 3794 'tatem
357 3757 379 3802 ,·
417 3734 480 3792 8<
506 3731 661 3791 aliud
689 3731 888 3791 sentire
906 3771 924 3798 ,
961 3746 1028 3787 ac
1056 3728 1232 3804 loqui.
1264 3725 1324 3785 id
1355 3724 1650 3784 ostendunt
1668 3725 1961 3782 Ciceronis
1986 3724 2194 3810 episto*
2241 3735 2246 3740 “

160 3809 262 3882 lae,
300 3809 395 3872 lib.
430 3828 481 3871 ι.
508 3808 581 3873 ad
608 3805 918 3876 Lentulum
946 3804 1097 3882 epist.
1131 3823 1181 3868 1..
1210 3804 1292 3938 δέ
1303 3823 1354 3880 ς.
1380 3804 1523 3863 libro
1554 3802 1626 3863 ad
1652 3801 1912 3862 Atticum
1935 3801 2192 3878 rv.epist.

174 3916 183 3924 ·
809 3893 815 3899 ’
2101 3887 2193 3938 hec
