2514 4438
447 249 550 302 m‘
590 226 789 302 Cic.
823 250 965 301 'DE
1011 226 1329 300 pen-r.
1378 224 1811 300 consuit·
2037 229 2185 330 ”253⁵

123 350 381 425 {uatem
413 339 574 401 fuiss'e
603 342 820 417 semper
852 382 870 410 ,
907 359 1025 401 non
1059 342 1388 417 popularem
1423 362 1437 401 :
1479 340 1635 418 quod
1664 340 1931 418 populare
1958 359 2177 406 nomen

123 430 214 475 m
249 430 369 492 rep.
403 417 701 485 Romana,
740 417 888 492 apud
918 418 1096 476 bonos
1125 418 1366 476 invisum
1401 416 1547 476 effet.

231 493 292 580 83·
323 492 450 570 quid
478 494 632 550 locuti
652 493 961 570 populariter
991 493 1256 579 videmur]
1311 496 1370 553 in
1416 494 1646 569 gratiam
1678 494 1872 571 populi
1905 535 1933 581 ,ι
1979 505 2178 556 contra

123 579 611 731 ffiffifissafft‘
620 569 1777 720 ,ΡὲἓέἓὲὦςῗὲἓῒηὲἓῖἒιΡὲῗῖῗὲὦῗῒε
1805 569 2180 720 ὃᾞίὸέἓὲ

122 717 247 777 fi1:
296 720 375 779 Et
407 736 482 781 ω’
503 720 760 808 Qornelii
789 719 1147 792 defensione,
1188 721 1259 781 de
1293 738 1404 799 qua
1437 722 1496 779 in
1527 722 1641 781 hoc
1669 719 1786 797 ipso
1819 719 2048 780 dicetur.
2097 723 2177 781 Et

127 794 310 882 bene
344 807 581 883 oppomt
610 796 759 853 locun
785 796 855 856 ad
875 796 1088 875 senfiffl.
1166 798 1318 857 Nam
1349 814 1467 856 non
1497 806 1618 857 tam
1645 796 2004 873 speecmdum
2036 795 2184 874 quid.

122 872 399 948 qmsque
432 870 796 950 dicat,quam
827 890 947 950 quo
976 874 1170 932 animo
1204 874 1367 933 dicat.
1445 873 1535 933 Sic
1565 872 2070 939 infi‘azmultitud03
2109 890 2178 931 ex

125 966 201 1004 eo
233 948 383 1035 ⁴quoe}
409 948 631 1005 oratione
660 949 717 1005 in
749 949 1055 1037 emtionibus
1075 949 1334 1026 popularis
1349 949 1499 1024 fuisti
1527 949 1582 1006 id
1615 969 1699 1006 nos
1713 969 1765 1006 eo
1776 946 1973 1025 confilio
1974 948 2138 1025 feciffe
2151 961 2181 1019 ,¹

131 1037 218 1079 ut
256 1024 398 1080 nobes
427 1032 529 1083 Cn.
561 1033 852 1102 Pompqam
886 1025 1282 1102 aoljungeremus.
1362 1026 1804 1085 Conclharemus
1837 1067 1855 1094 ,
1892 1026 2183 1087 fautorem

135 1097 511 1160 haberemus.
588 1100 766 1187 Quod
796 1102 857 1159 in
886 1102 1230 1161 orationibus
1252 1104 1378 1177 jam*
1409 1100 1567 1160 dietis
1598 1102 1760 1160 facile
1791 1102 2057 1177 consequi
2072 1119 2180 1176 po-
2278 1169 2282 1174 ,

139 1173 350 1234 tuiffet
381 1218 399 1246 ,
456 1194 587 1236 cum
625 1194 683 1235 111
713 1176 838 1252 lege
870 1178 1103 1237 Manilia
1123 1219 1140 1247 ,
1197 1176 1267 1236 de
1318 1178 1461 1236 bello
1495 1177 1750 1235 adversus
1783 1176 2184 1239 Mithridatem

138 1249 442 1329 Pompejo
472 1250 795 1312 mandando
829 1266 1084 1328 ageretur
1115 1287 1134 1322 ,-
1173 1253 1465 1312 Cornelius
1501 1264 1693 1312 autem
1725 1253 1987 1328 Pompeji
2019 1270 2182 1330 quae-

147 1327 274 1386 stor
311 1326 490 1388 fuiffet
523 1352 541 1398 3
595 1330 653 1387 in
685 1329 942 1388 oratione
976 1330 1085 1406 ipsa
1154 1346 1220 1388 ro
1250 1328 1375 1406 lege
1409 1329 1643 1388 Manilia
1676 1340 1864 1404 aperte
1895 1328 2030 1386 dicit
2063 1371 2081 1396 ,
2117 1328 2183 1389 se

147 1420 284 1463 non
322 1423 445 1465 eam
480 1403 719 1464 cauffam
755 1404 921 1480 egiss'e
956 1442 975 1475 u
1023 1417 1088 1464 ut
1163 1420 1264 1472 om
1306 1407 1379 1481 eJi
1410 1407 1643 1480 gratiam
1672 1405 1770 1464 fibi
1801 1404 2124 1463 conciliaret
2156 1423 2187 1479 ²5

148 1477 257 1539 sed
291 1482 535 1541 oratorie
558 1523 575 1549 ‚
612 1498 733 1539 non
764 1498 835 1539 ex
865 1482 945 1541 rei
975 1484 1209 1541 veritate
1287 1480 1455 1540 etum
1493 1480 1583 1540 est.
1714 1535 1715 1538 ,
2178 1481 2181 1484 ’

238 1563 366 1614 Aut
392 1559 620 1617 amicum
649 1560 705 1615 in
737 1558 907 1630 nostra
925 1581 928 1590 ·
932 1557 1172 1635 petitione
1203 1558 1496 1615 haberemus
1515 1600 1532 1626 ,
1569 1574 1668 1616 aut
1698 1573 1824 1618 certe
1855 1567 1958 1617 non
1990 1559 2186 1617 adverl

142 1631 379 1707 fhrium.
457 1633 736 1711 Quamvis
770 1635 923 1692 enim
955 1646 1080 1693 tum
1112 1631 1314 1693 abesset
1346 1635 1415 1693 ab
1442 1634 1579 1693 urbe
1592 1634 1894 1712 Pompejus
1914 1678 1932 1704 ,
1970 1634 2184 1711 potuiiss-

153 1710 244 1767 set
277 1720 470 1770 tamen
504 1711 595 1769 vei
627 1710 820 1769 litteris
850 1710 942 1768 ve}
973 1711 1084 1786 ipsa
1112 1710 1293 1776 ,etiam
1325 1711 1594 1797 opinione
1640 1713 1945 1788 plurimum
1992 1709 2184 1771 obefl'e

156 1786 258 1843 vel
288 1784 559 1861 prodefl'e.
597 1786 755 1844 Huic
784 1786 1072 1845 sententiae
1100 1786 1189 1845 illa
1222 1788 1409 1845 fimilrs
1440 1787 1696 1856 videtur,
1735 1788 1938 1864 quaein
1957 1787 2104 1862 epist.
2121 1796 2187 1862 9³
2240 1795 2263 1800 “

154 1861 287 1921 libri
327 1881 373 1920 1.
403 1864 533 1922 farn.
565 1862 671 1920 est:
693 1865 914 1938 Rogavit
933 1906 950 1932 ,
968 1878 1029 1919 ut
1058 1863 1162 1940 ᾔεις
1191 1862 1492 1938 dignitatem
1523 1881 1593 1918 ne
1614 1873 1979 1939 oppugnarem,
2005 1860 2189 1938 finol-g'

157 1937 268 1995 lem
301 1951 398 1993 aut
428 1958 531 1995 non
544 1938 733 2071 ¹possem
767 1939 913 1997 tueri.
952 1940 1024 1997 Et
1041 1938 1480 2007 advertendum,
1518 1938 1577 1996 in
1592 1939 1704 1997 hoc
1722 1939 2023 1997 verborum
2035 1942 2187 1997 trac-³

160 2023 233 2071 tu
269 2054 287 2081 ,
342 2028 513 2090 quam
568 2014 780 2073 uaviter
812 2013 1039 2075 deflexit
1071 2034 1102 2075 a
1133 2013 1370 2075 secunda
1398 2013 1632 2090 persona
1662 2013 1734 2074 ad
1763 2015 2004 2090 primam
2039 2034 2061 2082 ς
2118 2015 2208 2089 δε,

161 2099 303 2148 cum
339 2089 408 2148 ad
440 2092 664 2149 fratrem
691 2090 1119 2168 loqueretur,se
1147 2091 1331 2169 ipsum
1361 2107 1596 2169 quoque
1619 2090 1971 2150 admiscuerit
1989 2112 2008 2158 ;
2027 2087 2183 2166 quafi

165 2184 289 2226 non
308 2166 378 2225 de
413 2166 579 2227 fratre
608 2176 829 2228 tantum
849 2210 867 2238 ,
901 2167 996 2228 sed
1023 2168 1095 2230 de
1122 2169 1179 2229 se
1207 2186 1325 2246 quo
1366 2185 1440 2243 ue
1468 2180 1738 2245 ageretur.
1781 2168 1871 2227 Sic
1898 2167 2073 2226 infra:
2117 2173 2184 2224 In

155 2257 387 2321 pratum
417 2246 779 2321 competitorem
814 2245 1105 2309 habuimus.
1184 2246 1277 2306 Sic
1306 2185 1391 2304 la.
1411 2244 1532 2304 Cic.
1561 2245 1652 2304 lib.
1677 2264 1762 2305 10.
1798 2246 1937 2305 fam.
1964 2243 2142 2301 Gloria
2159 2282 2187 2321 ,¹

173 2339 333 2398 quam
361 2321 599 2396 consecuti
616 2321 819 2396 sumus.
908 2393 914 2397 q
951 2394 954 2395 7
1235 2372 1238 2381 ,
2170 2346 2175 2349 ’

191 2430 194 2435 »
250 2404 492 2454 preterea
526 2398 844 2472 adolescentes
874 2396 1082 2476 nobiles]
1120 2416 1239 2458 non
1274 2399 1428 2458 idem
1460 2398 1662 2472 repetit
1679 2440 1697 2466 ,
1713 2395 1872 2474 quod
1884 2394 2070 2470 paullo
2085 2400 2190 2454 an?

176 2481 236 2529 te
265 2471 477 2532 dietum
510 2473 601 2531 est.
680 2474 830 2532 Nam
866 2473 976 2531 illic
1008 2475 1394 2544 enumeravit,
1471 2486 1562 2530 uae
1579 2473 1839 2538 haberet3
1880 2471 1974 2529 hic
1991 2512 2012 2538 ‚
2049 2486 2186 2547 quae

176 2564 361 2608 curare
392 2550 593 2617 debet,
634 2559 698 2606 ut
728 2549 961 2616 habeat;
1003 2560 1100 2606 aut
1131 2550 1346 2620 servet,
1386 2549 1427 2608 fi
1496 2548 1624 2608 abet
1652 2570 1672 2617 ;
1711 2547 1824 2607 inic
1854 2545 1927 2605 de
1957 2545 2189 2624 quibus-2

175 2626 260 2683 vis
291 2624 725 2686 adolescentibus
744 2668 761 2695 ,
797 2627 891 2684 hic
920 2626 1201 2702 praecipue
1235 2625 1309 2685 de
1336 2625 1629 2686 nobilibus.
1846 2660 1849 2663 π

250 2703 318 2757 Ut
347 2703 532 2760 habeas
564 2701 650 2759 vel
683 2716 746 2759 ut
778 2716 945 2760 teneas
964 2702 1231 2782 studiofhs]
1275 2704 1382 2763 tale
1416 2704 1490 2761 est
1521 2700 1655 2760 illud
1683 2702 1742 2760 in
1775 2717 1863 2776 ep.
1899 2716 1951 2782 13
1965 2697 2036 2757 ad
2060 2699 2190 2758 Art:-

174 2775 347 2838 Vides
377 2782 435 2838 in
466 2796 586 2856 quo
617 2778 775 2837 cursu
802 2780 986 2839 sumus
1019 2821 1037 2848 ‚
1094 2781 1157 2838 δε
1185 2797 1357 2856 quam
1389 2796 1589 2837 omnes
1620 2778 1816 2853 gratias
1849 2792 1970 2835 non
2002 2771 2183 2835 modo

176 2855 482 2914 retinendas
500 2897 517 2923 ,
560 2871 759 2913 verum
793 2855 963 2914 etiam
989 2857 1359 2932 acquirendas
1390 2866 1671 2932 putemus.
1718 2900 1719 2903 η
1984 2882 1991 2885 „

185 3006 196 3015 ·
255 2933 434 3067 Plelsfice
448 2974 465 3001 ‚
506 2946 567 2988 ut
585 2930 759 3006 sciant
776 2973 793 2999 ,
832 2948 1093 3013 quantam
1125 2932 1184 2989 in
1212 2934 1292 2991 his
1314 2945 1464 3011 putes
1490 2930 1602 3010 effi]
1643 2940 1920 3009 quantum
1952 2928 2068 3005 spei
2080 2927 2182 2989 tibi

178 3021 236 3063 in
267 3025 283 3064 ι
321 3026 364 3067 is
434 3027 588 3067 onas.
1646 3058 1651 3065 .

252 3084 302 3139 si
329 3028 602 3141 adauxeris
617 3127 635 3153 ,
673 3085 786 3142 utii
816 3086 905 3164 qui
934 3086 1118 3155 nolunt
1138 3128 1155 3154 ,
1191 3087 1397 3164 cupiant
1417 3127 1436 3154 ,
1467 3085 1751 3163 plurimum
1782 3083 1983 3160 quidem
2005 3081 2189 3159 prode-³⁸

145 3164 148 3167 ’
178 3162 328 3230 runt]
369 3161 574 3219 horum
607 3162 906 3221 verborum
939 3162 1115 3221 sensus
1146 3180 1342 3237 parum
1378 3163 1571 3221 efficax
1602 3162 1728 3228 vel,
1768 3170 1829 3216 ut
1864 3159 1938 3216 ita
1957 3156 2184 3234 dicam,·

174 3233 397 3308 frigidus
428 3238 491 3295 δε
522 3237 636 3296 fine
666 3238 780 3296 ullo
806 3239 1065 3298 acumine
1097 3237 1332 3297 videtur.
1408 3241 1552 3316 Quis
1584 3240 1736 3295 enim
1768 3235 1971 3303 nescit,
2010 3234 2182 3310 pluri-

184 3327 337 3369 mum
376 3314 688 3374 conducere
717 3315 1019 3374 rationibus
1050 3317 1240 3374 nostris
1261 3360 1277 3386 ,
1315 3316 1356 3374 fi
1374 3360 1390 3386 ‚
1429 3318 1527 3393 qui
1561 3326 1722 3377 antea
1753 3314 1914 3372 nobis
1929 3314 2180 3373 adversa-

181 3385 368 3457 batur,
408 3407 544 3450 mox
577 3393 745 3450 nostri
774 3392 1003 3468 cupidus
1035 3393 1144 3452 fiat.
1185 3393 1322 3451 Hoc
1355 3394 1509 3452 enim
1542 3391 1844 3466 significant
1879 3391 1968 3450 illa
1984 3391 2175 3460 verba:

181 3465 268 3594 ἴω·
296 3467 477 3523 nolunt
494 3509 510 3534 ‚
550 3469 769 3545 cupiant.
850 3472 1042 3544 Quare
1078 3486 1206 3527 cum
1241 3470 1300 3527 in
1332 3469 1533 3545 scripto
1567 3486 1702 3527 meo
1732 3469 1943 3541 legatur
1959 3486 2061 3524 non
2081 3487 2178 3524 vo·-

202 3555 327 3612 um,
365 3543 653 3619 suspicatus
684 3546 802 3604 sum
822 3588 840 3614 ,
879 3545 1174 3620 legendum
1211 3544 1319 3603 effe
1353 3565 1454 3603 non
1485 3545 1682 3603 nolunt.
1757 3544 1895 3600 Non
1912 3542 2063 3602 nolle
2079 3560 2180 3603 au-

184 3625 293 3676 tem
327 3622 402 3679 est
420 3663 438 3691 ,
478 3637 585 3680 nec
612 3636 952 3698 magnopere
983 3622 1128 3680 velle
1154 3638 1260 3679 nec
1289 3638 1628 3698 magnopere
1657 3618 1933 3677 recusare:
1975 3619 2110 3678 utin
2122 3639 2179 3680 2.

185 3691 251 3751 de
277 3708 410 3756 orat.
451 3696 720 3755 Invitatus
757 3697 1022 3755 Hannibal
1051 3696 1117 3755 ab
1150 3697 1416 3774 hospitibus
1435 3699 1544 3777 suis
1561 3740 1578 3765 ‚
1618 3710 1679 3752 ut
1710 3694 2064 3753 Phormionem
2084 3705 2178 3755 Pe·

186 3775 490 3862 ”mrim
505 3816 525 3851 ι
550 3773 609 3861 fi
621 3775 786 3858 vaus:
801 3816 822 3850 2
857 3775 1095 3861 “fidinis
1136 3793 1348 3859 σείων*
1377 3776 1420 3838 is
1437 3817 1457 3849 ‚
1481 3778 1540 3853 se
1572 3792 1676 3860 θένε
1708 3772 2183 3925 ηεᾶεάίκέβεξξ
