2514 4438
324 252 468 352 248
691 253 1145 326 PALnnur
1195 247 1990 321 commen-ramus

325 370 644 431 tentionem
679 413 697 440 ,
733 359 811 427 rei
845 368 1046 428 utilitas
1073 366 1360 445 proposita
1394 383 1517 423 eam
1551 381 1652 441 per
1678 363 1731 423 se
1860 374 1917 444 at
2005 360 2047 420 fi
2078 359 2405 423 docilita-

328 455 486 515 tem;
525 465 655 524 quae
690 463 826 503 mox
859 444 1245 520 subsequetur,
1282 435 1462 500 Brevis
1493 381 1949 500 diviffo'fiffime
1967 440 2400 514 comparabit.

405 523 530 598 Pag.
554 540 676 598 213.
719 518 834 597 Etsi
862 521 953 578 tibi
985 521 1226 601 omnia.)
1242 518 1471 578 Initium
1504 535 1536 576 a
1569 513 1780 587 causta,
1817 532 1913 574 cur
1944 516 1998 573 se
2014 514 2083 573 ad
2105 514 2403 574 scriben-

330 599 464 658 dum
501 598 799 658 contulerit
828 639 846 666 ,
888 613 988 673 per
1017 595 1599 669 anteoccupationem.
1678 592 1828 651 Nam
1873 635 1890 660 ,
1948 609 2080 650 cum
2121 591 2401 650 suadere

334 676 395 734 ὃ(
423 672 728 736 dffl'uadere
761 672 1089 748 graviffimae
1120 672 1371 746 personae
1406 667 1503 736 sit,
1545 681 1608 727 ut
1640 670 1713 727 ait
1742 670 1830 727 M.
1863 668 2085 727 Tullius
2109 710 2132 736 ,
2181 669 2255 726 in
2290 668 2397 726 lib.

335 769 387 812 2.
425 750 494 809 de
526 761 661 809 orat.
699 751 758 808 ὅ(
791 750 889 825 qui
921 747 1211 807 confilium
1242 749 1401 805 suurn
1449 745 1520 804 de
1553 746 1807 804 maximis
1838 745 1995 802 rebus
2029 742 2202 819 apud
2237 744 2399 801 alte·

336 844 463 885 rum
500 825 764 901 exponit,
804 826 854 882 sa
895 825 1189 882 ientiorem
1221 823 1276 881 se
1306 821 1560 880 videatur
1593 821 1840 897 profiteri
1874 838 1945 879 eo
1965 818 2164 895 ,apud
2191 837 2397 896 quem

338 904 574 977 exponit
607 945 624 974 ‚
679 899 809 958 ideo
898 916 979 956 aec
1049 898 1366 958 raetexenda
1399 896 1475 958 est
1506 897 1782 957 excusatio
1818 916 1831 955 ε
1925 914 1997 955 ua
2027 896 2229 955 utitur
2265 896 2396 970 ipse

339 978 568 1037 Marcus
614 977 759 1051 saepe
801 975 858 1033 in
906 976 991 1050 ep‘
1042 1019 1054 1032 .
1106 977 1167 1032 ὃ(
1210 975 1493 1049 praecipue
1544 915 1925 1048 sulpicium}
1945 972 2328 1030 Ciceronem
2367 1013 2387 1039 ,

335 1054 432 1119 lib.
464 1073 513 1126 4.
547 1054 679 1111 fam.
757 1054 883 1125 Qa
919 1052 974 1107 in
991 1051 1259 1129 ‘prasentia
1292 1050 1419 1106 mihi
1453 1051 1509 1105 in
1539 1065 1757 1106 mentem
1793 1062 2046 1121 venerunt
2085 1090 2102 1116 ,
2164 1047 2391 1104 decrevi

339 1130 485 1186 brevi
511 1128 583 1184 ad
619 1144 667 1184 te
690 1125 976 1203 perscribere
1010 1146 1021 1183 ε
1063 1145 1164 1182 non
1197 1128 1331 1204 quod
1358 1145 1417 1183 ea
1452 1127 1689 1201 refugere
1720 1125 1995 1198 existimem
2027 1166 2045 1193 ‚
2093 1122 2199 1198 fid
2231 1123 2384 1203 quod

332 1203 560 1281 firsttan
583 1246 599 1271 ,
637 1202 796 1259 dolore
825 1201 1088 1278 impeditus
1107 1246 1123 1271 ,
1163 1204 1334 1263 minus
1364 1219 1421 1257 ea
1448 1201 1714 1277 perspicias.

424 1282 726 1358 Suppetunt]
768 1278 984 1337 abunde
1016 1278 1222 1337 adsunt.
1257 1279 1377 1335 Cic.
1411 1279 1596 1352 primo
1629 1277 1979 1336 officiorum:
2023 1276 2125 1332 Ad
2138 1275 2374 1351 largien-

345 1358 472 1416 dum
494 1356 769 1440 suppetunt
802 1355 949 1430 copia.

423 1438 549 1506 ἐξα
583 1430 804 1509 consequi
831 1431 1019 1506 ingenio
1051 1446 1146 1487 aut
1181 1430 1277 1506 usu
1309 1430 1526 1488 homines
1559 1444 1654 1487 aut
1691 1429 1946 1505 diligentia
1970 1427 2215 1507 poffunt]
2259 1429 2367 1485 tria

345 1510 511 1586 ponit
531 1550 547 1574 ,
585 1511 780 1584 quibus
809 1505 1067 1564 homines
1101 1510 1264 1582 periti
1296 1525 1480 1564 rerum
1507 1506 1680 1574 fiunt3
1724 1509 1783 1564 &
1813 1523 2057 1583 quorum
2094 1503 2361 1580 praefidio

345 1583 484 1652 nihil
515 1602 631 1642 non
659 1583 804 1641 bene
829 1581 1050 1657 poffunt
1079 1582 1450 1644 administrare
1485 1602 1500 1639 ι
1559 1584 1867 1657 ingenium„
1905 1579 2064 1659 quod
2098 1598 2131 1639 a
2166 1592 2362 1640 natura

348 1657 581 1724 habetur
611 1681 630 1726 ;
673 1659 828 1733 Usum
861 1700 878 1726 ,
918 1658 1017 1735 qui
1048 1658 1121 1717 est
1151 1661 1218 1719 ab
1252 1659 1650 1718 exercitatione
1684 1680 1701 1726 ;
1745 1657 2077 1735 Diligentiam
2098 1699 2116 1726 ‚
2156 1675 2266 1734 qua
2298 1668 2363 1712 u·

349 1750 617 1811 trumque
649 1734 941 1810 perficitur.
1019 1737 1171 1820 Quae
1204 1736 1508 1794 convenire
1538 1735 1797 1794 videntur
1826 1751 1957 1792 cum
2001 1734 2177 1792 tribus
2222 1732 2354 1800 illis,

352 1829 488 1888 quae
519 1810 589 1870 ad
621 1810 1024 1871 inveniendum
1056 1828 1115 1870 m
1150 1811 1390 1871 dicendo
1424 1812 1633 1870 oratori
1665 1809 1771 1870 effe
1806 1807 2101 1869 necessaria
2135 1853 2152 1879 ,
2209 1809 2357 1867 dice-

353 1889 448 1946 bat
482 1888 567 1948 M.
601 1887 918 1956 Antonius,
957 1887 1046 1945 lib.
1066 1888 1203 1945 2.de
1235 1901 1372 1948 orat.
1449 1889 1711 1947 Acumen
1741 1887 2008 1946 nimirum
2030 1930 2047 1955 ,
2084 1899 2257 1946 artem
2290 1886 2353 1946 δε

353 1962 702 2044 diligentiam
735 1984 748 2021 :
787 1961 860 2021 fic
893 1974 1085 2023 tamen
1112 2005 1131 2032 ‚
1168 1975 1231 2022 ut
1271 1964 1636 2038 intelligamus
1707 1983 1770 2026 ro
1800 1976 1917 2026 arte
1951 2006 1971 2034 ,
2024 1981 2156 2039 quae
2185 1965 2243 2023 in
2271 1961 2351 2020 di·

356 2039 522 2097 cendi
552 2039 766 2098 ratione
801 2053 948 2098 certa
982 2039 1089 2108 est,
1126 2041 1219 2097 hic
1249 2040 1593 2099 substitutum
1625 2059 1656 2100 e
1701 2060 1732 2098 e
1764 2041 1925 2098 usum
1946 2082 1963 2108 ,
2043 2041 2105 2096 ui
2132 2040 2201 2098 in
2220 2037 2352 2098 civi·

354 2115 491 2182 libus
514 2116 878 2185 muneribus,
917 2117 976 2175 in
1006 2116 1201 2192 quibus
1235 2134 1316 2174 ars
1346 2135 1464 2175 non
1495 2117 1604 2186 est,
1642 2119 1763 2175 vim
1795 2117 1920 2175 artis
1953 2116 2023 2174 ha
2063 2127 2136 2173 et.

435 2192 847 2274 Ingenioeyusu]
891 2192 1092 2251 Cicero
1111 2210 1141 2250 e
1183 2236 1195 2248 .
1220 2192 1413 2261 16‚·lib.
1438 2211 1536 2270 13:
1582 2193 1722 2253 Valet
1738 2194 1794 2252 in
1822 2192 1926 2250 enio
1943 2215 1961 2260 ;
1998 2189 2149 2248 habet
2166 2191 2306 2268 usum
2325 2234 2345 2260 ‚

351 2268 608 2343 ingenium
640 2285 708 2329 ω’
733 2268 1055 2344 diligentiam.
1165 2286 1202 2325 n
1235 2279 1373 2326 orat.
1390 2287 1494 2344 pro
1527 2270 1587 2328 P.
1606 2271 1765 2346 Quin
1829 2270 1915 2329 ὀι
2014 2287 2075 2323 uo
2091 2268 2345 2325 minuriu-

349 2344 491 2421 gem'o
529 2345 723 2422 poffum
756 2388 773 2413 ,
829 2342 1038 2421 subsidio
1082 2343 1209 2403 mihi
1236 2343 1547 2420 diligentiam
1582 2346 1890 2422 comparavi.
2026 2344 2343 2407 ltimoioco

355 2422 587 2497 ponitur
619 2421 915 2495 diligentia.
991 2421 1144 2480 Nam
1171 2464 1189 2491 ‚
1225 2420 1286 2478 in
1319 2440 1370 2479 2.
1403 2420 1473 2479 de
1506 2433 1644 2482 orat.
1676 2441 1743 2482 ea
1771 2440 1881 2481 una
1916 2421 2124 2480 virtute
2150 2437 2338 2479 omnes

356 2497 592 2632 {iirtutes
622 2497 855 2583 reliquas
888 2498 1162 2563 contineri
1178 2539 1195 2567 ,
1235 2497 1297 2555 &
1329 2496 1506 2577 ipsum
1537 2499 1826 2575 ingenium
1846 2496 2128 2573 diligentia
2142 2496 2342 2557 incitari

426 2582 516 2634 cit.

438 2650 686 2730 confiqui
717 2651 903 2727 ingenio
930 2664 1031 2709 aut
1057 2651 1154 2726 usu
1182 2651 1432 2730 hominos]
1486 2653 1573 2711 M.
1605 2652 1890 2712 Antonius
1920 2651 2176 2717 Muretus
2205 2694 2222 2721 ,
2261 2649 2338 2707 vir

360 2728 525 2785 omni
553 2729 731 2786 nostra
760 2727 1076 2787 laudatione
1108 2727 1291 2803 major
1323 2771 1340 2796 ,
1393 2732 1450 2790 αὶ
1478 2728 1698 2786 homines
1730 2727 1799 2787 ab
1829 2726 2090 2785 omnibus
2116 2727 2337 2805 antiquis

360 2807 507 2869 libris
538 2811 716 2870 abeffe
746 2810 1003 2872 asserebat
1036 2834 1050 2871 τ
1089 2807 1221 2871 ideo
1263 2829 1335 2872 ue
1366 2812 1433 2870 ab
1452 2812 1699 2875 ,indoaestis
1727 2813 2098 2882 inculcatum,
2137 2814 2193 2871 ὃ(
2224 2829 2336 2871 ver-

361 2884 501 2952 bum
533 2889 797 2965 consequi
828 2898 1104 2961 ποθηΊαὸς
1132 2906 1208 2965 po
1231 2901 1375 2949 itum
1411 2888 1517 2949 effe
1549 2890 1936 2957 arbitrabatur,
1955 2889 2011 2947 in
2027 2888 2128 2948 suis
2144 2887 2337 2947 inPro-

355 2973 602 3046 petrium
633 2972 866 3033 scholiis.
940 2974 1063 3032 Nos
1096 3017 1113 3043 ,
1152 2987 1214 3034 ut
1246 2978 1511 3036 nonnulla
1546 2996 1613 3036 ex
1641 2974 1961 3051 hujusmodi
1992 2974 2164 3034 verbis
2192 3017 2209 3043 ,
2247 2974 2336 3033 ali-

355 3064 471 3123 qua
503 3048 560 3111 in
594 3062 746 3131 parte
768 3093 783 3118 ,
821 3049 1152 3127 aliquando,
1192 3052 1590 3127 fignificatione
1618 3053 1819 3128 paffiva
1852 3052 2090 3111 inveniri
2114 3068 2225 3110 non
2241 3070 2336 3112 ne-

358 3140 554 3199 gamus
570 3147 587 3190 ;
631 3127 704 3187 ita
737 3127 795 3185 in
824 3127 990 3187 tribus
1023 3128 1304 3188 codicibus
1339 3128 1544 3204 scriptis
1564 3172 1581 3197 ,
1620 3146 1761 3206 quos
1792 3130 2058 3191 habemus
2077 3171 2094 3197 ,
2125 3127 2335 3185 homines

360 3199 473 3259 esse
505 3203 873 3263 affirmamus:
914 3222 1070 3263 aures
1099 3223 1239 3263 vero
1270 3206 1471 3264 nostrae
1500 3206 1671 3265 etiam
1704 3205 1760 3263 id
1777 3207 2039 3280 exigunt,
2074 3202 2336 3282 quodfine

358 3292 436 3334 eo
471 3279 657 3343 nescio
727 3279 822 3337 uid
853 3292 1070 3339 curtum
1099 3282 1349 3339 sentiant.

440 3359 633 3417 Tamen
664 3374 695 3409 a
760 3376 928 3412 amore
961 3358 1121 3429 nostro
1156 3377 1255 3414 nm
1288 3358 1413 3433 sum
1461 3356 1744 3416 arbitratus
1788 3358 2056 3438 alienum]
2110 3356 2163 3415 in
2200 3355 2335 3417 libris

356 3426 564 3505 scriptis
602 3474 620 3498 ,
676 3429 870 3497 omissa
899 3432 1292 3507 praepositione
1321 3434 1388 3489 ab
1422 3474 1438 3501 ,
1478 3435 1673 3507 legitur
1704 3476 1720 3500 ‚
1776 3448 1951 3493 tamen
1981 3453 2140 3489 amore
2163 3433 2325 3504 nostro,

357 3502 422 3562 Id
459 3507 553 3564 etfi
583 3509 970 3587 parvi‘refert,
1010 3512 1069 3575 ὅ(
1100 3524 1400 3585 utrumque
1434 3510 1636 3567 Latine
1662 3506 1900 3581 dicitur,
1938 3520 2234 3567 tamennon
2253 3509 2327 3569 est

355 3587 598 3644 omnino
635 3584 1023 3659 negligendum
1046 3627 1061 3652 ‚
1103 3585 1259 3661 quod
1292 3585 1438 3660 apud
1470 3585 1554 3641 M.
1575 3586 1914 3643 Ciceronem
1950 3583 2065 3643 fine
2092 3584 2322 3661 praepofi-

351 3658 511 3716 tione
540 3661 825 3736 saepiffime
856 3660 1079 3723 alienum
1115 3664 1171 3722 in
1203 3663 1307 3719 hac
1342 3662 1736 3735 fignificatione
1770 3663 2020 3722 invenias
2048 3683 2066 3728 ς
2105 3675 2156 3719 ut
2186 3659 2318 3735 epist.

363 3747 448 3798 17.
480 3736 569 3792 lib.
602 3739 653 3792 6.
688 3739 820 3795 fam.
898 3738 1134 3812 Facisque
1166 3738 1295 3792 nihii
1328 3740 1548 3800 alienum
1581 3738 1915 3811 neceffitudine
1945 3740 2137 3810 nostra:
2172 3738 2315 3807 &27.

354 3804 443 3891 lib.
460 3885 468 3892 .
485 3831 540 3895 ¹.¹
567 3834 583 3877 ;
627 3812 993 3890 Qcidquam'a
1027 3834 1103 3869 me
1135 3814 1445 3894 commtfficm
1482 3856 1509 3882 ‚L
1538 3815 1671 3897 quod
1701 3813 1813 3894 effic
1842 3815 2067 3877 alienum
2094 3813 2235 3890 nostra
2261 3831 2317 3949 2-

351 3900 560 3951 mmtta.
793 3894 797 3897 *
2225 3893 2271 3953 A
