2514 4438
416 264 515 319 m
561 199 761 315 ian.
806 239 956 315 Er».
1006 249 1138 314 An
1184 241 1298 316 M.
1342 242 1776 322 Baua-tm.
2004 270 2131 347 ¹5¹

108 362 393 443 populum
429 362 503 422 R.
531 359 775 436 spectare
808 402 830 430 ,
865 372 928 418 ut
950 360 1168 437 judicet
1198 360 1273 420 de
1303 362 1368 421 iis
1397 364 1607 425 civssms
1637 409 1657 435 ‚
1692 361 1809 454 qui
1830 366 1919 426 M.
1951 369 2142 429 Anto-

110 443 279 501 nium
313 440 376 498 in
404 437 549 496 bello
581 436 754 495 secuti
782 477 798 504 ,
857 451 1163 512 pugnantes
1196 455 1318 496 non
1347 441 1671 500 interierint.
1700 457 1891 519 traque
1923 460 2035 518 ego
2065 447 2142 506 de

110 517 183 575 C.
215 515 515 583 Antonin,
554 514 658 592 qui
687 514 748 572 in
779 531 906 571 mea
939 514 1210 589 potestate
1240 515 1351 582 est,
1391 534 1491 590 per
1506 536 1601 577 me
1617 518 1730 593 ipse
1744 537 1862 577 non
1879 520 2132 582 statuam:

106 592 207 652 sed
228 593 481 658 senatui,
517 602 613 650 aut
641 590 855 666 populo
885 592 1056 648 Rom.
1076 589 1443 667 judicandum
1473 595 1799 671 relinquam.

188 671 348 744 §gud
373 669 510 727 enim
537 686 642 723 non
655 667 871 741 senatus
899 668 1169 745 cmsuit‚]
1209 683 1310 724 cur
1340 684 1450 742 ego
1482 669 1541 727 in
1577 671 1644 728 C.
1676 672 1996 729 Antonium
2029 673 2134 732 du-

110 745 225 804 rius
257 744 472 824 aliquid
497 744 734 802 statuam
749 786 770 812 ,
808 760 940 801 cum
973 742 1035 801 id
1062 742 1277 803 senatus
1307 757 1405 800 aut
1437 747 1637 820 populi
1646 748 1718 804 R.
1726 746 2005 823 judicium
2026 748 2136 810 effe

105 819 360 880 debeat?
389 819 673 898 justiffime
705 820 872 894 igitur
904 821 1237 887 facio,cum
1271 821 1329 877 in
1364 838 1496 879 eum
1516 863 1535 888 ,
1554 835 1615 880 ut
1646 822 1705 880 in
1736 822 1956 883 hostem
1978 843 2131 894 ,non

112 898 536 985 anim-adverto:
569 894 845 1033 {qubiedoem
876 894 1089 955 senami
1104 937 1124 965 ,
1140 907 1237 954 aut
1266 898 1481 972 populo
1510 899 1580 956 R.
1608 899 1764 960 suam
1793 900 2125 976 potestatem

439 990 557 1032 non
775 1016 790 1030 .
1722 1016 1729 1020 .

110 990 418 1110 ἪΡΞΣ
444 1050 596 1124 coegit
611 1052 678 1135 ,J
714 1050 852 1107 Non
884 1046 1088 1106 accidit
1103 1091 1123 1119 ,
1159 1060 1225 1107 ut
1256 1068 1367 1127 ego
1398 1066 1532 1110 eum
1564 1049 1883 1113 occiderem
1919 1075 1934 1113 ε
1978 1071 2124 1133 quo-

111 1125 270 1186 niam
299 1128 356 1186 se
387 1127 502 1202 ipse
533 1126 708 1195 mihi,
748 1126 979 1202 ejusque
1006 1125 1158 1199 legio
1184 1127 1424 1185 tradidit.

187 1204 491 1282 Quidquam
519 1202 755 1281 οὴιίε]
793 1201 906 1260 hoc
934 1200 1068 1259 ideo
1098 1200 1230 1261 dicit
1251 1203 1418 1281 ,quia
1433 1215 1763 1262 ornamenta
1780 1206 2135 1294 militar-iailli

111 1278 422 1356 reliquerat.
495 1279 830 1338 Plutarchus,

191 1356 508 1490 Diffolusezg
549 1374 736 1432 neque
768 1353 999 1412 crudelis
1030 1355 1091 1412 in
1121 1353 1414 1427 eripiendo
1446 1355 1530 1411 fui
1564 1396 1582 1422 ‚
1620 1372 1815 1434 neque
1845 1356 2133 1421 diffolutus

113 1432 177 1489 in
206 1434 463 1491 remitten
503 1450 576 1491 o:
618 1431 887 1490 custodivi
917 1432 1072 1489 enim
1102 1430 1259 1488 ilium
1295 1427 1599 1504 diligenter.

189 1509 382 1582 Quoad
406 1509 592 1568 bellum
609 1507 755 1580 ficit:
838 1508 899 1565 in
936 1508 1105 1565 Italia.
1138 1504 1291 1582 quafi
1324 1523 1511 1574 nunc,
1550 1507 1636 1563 M.
1676 1507 1936 1568 Antonio
1967 1511 2127 1572 devi-

116 1581 247 1661 ᾃο,
284 1585 521 1660 bellique
552 1585 760 1644 timore
796 1584 1021 1651 ublato,
1059 1582 1132 1642 de
1163 1582 1307 1640 Caio
1334 1581 1671 1640 dimittendo
1689 1625 1706 1652 ‚
1724 1598 1820 1642 aut
1835 1598 1984 1646 certe
2000 1590 2124 1647 Ro-

114 1676 269 1719 mam
312 1659 592 1719 mittendo
617 1660 835 1719 ·Bmtus
882 1659 1107 1735 cogitet.
1159 1675 1335 1736 quern
1364 1671 1555 1716 tamen
1586 1677 1703 1717 non
1738 1665 1919 1720 multo
1954 1666 2074 1740 post
2105 1708 2124 1735 ,

106 1736 348 1871 ffilde
377 1737 668 1872 (ldiferon‘ss
696 1738 758 1795 &
781 1736 1011 1796 Decimi
1040 1736 1197 1794 Bruti
1227 1751 1372 1795 nece
1388 1734 1735 1809 cognoviss'et
1753 1779 1772 1806 ,
1824 1740 2002 1798 occidi
2010 1743 2127 1817 jus-

286 1823 405 1874 utar
475 1831 554 1873 us.

193 1889 420 1948 Tn'bme
441 1887 808 1967 potentibus,]
842 1890 1063 1948 aculeus
1093 1888 1154 1946 in
1183 1887 1526 1948 Ciceronem
1550 1930 1569 1957 ,
1607 1887 1707 1968 qui
1739 1888 2118 1954 octavianum

114 1965 413 2027 honoribus
441 1965 882 2027 extraordinariis
909 1964 1156 2025 ornabat.
1195 1966 1375 2041 Quod
1406 1975 1597 2025 autem
1630 1985 1734 2042 pro
1753 2008 1770 2034 ,
1798 1963 2121 2043 potentibus,

112 2044 169 2102 in
196 2040 521 2103 Befl‘arionis
548 2043 783 2119 antiquo
810 2043 953 2101 libro
980 2042 1242 2118 scriptum
1276 2042 1352 2100 est
1370 2084 1389 2110 ,
1417 2041 1735 2119 petentium
1756 2045 1967 2120 respuo.
1986 2063 2117 2106 nam

110 2130 232 2181 tum
264 2123 324 2179 in
351 2138 534 2190 voce,
570 2118 892 2195 potantibus,
939 2118 1097 2177 Bruti
1127 2160 1146 2188 ‚
1183 2116 1254 2176 de
1284 2118 1534 2177 libertate
1567 2117 1878 2196 adi-odiun
1909 2122 2116 2181 timen-

110 2196 178 2257 tis
207 2240 226 2267 ,
260 2198 477 2257 animus
506 2195 679 2270 magis
709 2196 1036 2271 exprimitur
1065 2214 1083 2254 ε
1118 2206 1243 2253 tum
1278 2195 1472 2255 relatio
1500 2195 1586 2253 illa
1621 2239 1640 2267 ,
1672 2197 1973 2273 'miserorum
1992 2243 2010 2269 ,
2050 2200 2113 2260 δε

99 2274 574 2428 μεεσωκέἔ,ΐνίω
606 2275 668 2332 in
694 2272 1674 2429 sententinaabffonciirbntitatgcmdhagbgt
1707 2275 1766 2332 in
1794 2275 1988 2408 vgecrbiis.
2015 2352 2025 2362 ·

361 2367 787 2419 taem,v·arr
838 2370 911 2407 an
1110 2369 1136 2407 c
1249 2370 1355 2406 ras
1516 2369 1548 2407 e
1657 2368 1776 2418 nis,
1947 2369 2117 2410 enn-

145 2427 288 2487 robis
317 2427 636 2488 hominibus
667 2370 977 2503 usurpgatur:
1021 2365 1264 2502 ipsauger
1291 2427 1347 2484 se
1376 2443 1566 2500 neque
1596 2427 1993 2500 turpitudinem
2016 2429 2115 2485 ha-

231 2547 250 2573 ,
285 2522 471 2581 neque
499 2503 740 2563 laudem.
771 2504 926 2562 addit
956 2503 1123 2577 igitur
1145 2544 1165 2570 ‚
1204 2510 1279 2561 Et
1306 2503 1656 2576 arrogantiam
1689 2524 1708 2568 ;
1751 2502 1904 2578 quud
1937 2504 2114 2577 potest

109 2580 298 2657 anquis
328 2599 565 2657 cupere,
603 2598 747 2659 quae·
766 2598 884 2640 non
912 2580 1040 2639 licet
1060 2596 1282 2658 ,neque
1311 2592 1502 2639 tamen
1532 2596 1597 2635 ea
1630 2595 1727 2654 per
1742 2580 2110 2655 arrogantiam

109 2673 174 2714 OC
343 2676 394 2718 e·
1173 2712 1178 2715 ,
1277 2686 1293 2707 ι

177 2735 400 2793 Tradua'
428 2735 501 2791 nd
527 2734 670 2791 mala
700 2733 928 2812 confilia]
965 2751 1130 2792 verus
1156 2745 1313 2794 vates
1344 2733 1417 2792 de
1451 2732 1789 2793 Octaviano.
1889 2764 1893 2769 ·

175 2811 549 2887 largitionibus
565 2814 627 2889 z]
666 2811 972 2875 honoribus
991 2852 1010 2879 ,
1047 2812 1147 2887 qui
1174 2810 1332 2887 supra
1364 2812 1602 2870 modum
1618 2811 1965 2871 deferantur:
1984 2812 2110 2886 qui-

109 2885 235 2956 bus,
276 2890 448 2948 etiam
476 2888 578 2966 qui
602 2888 755 2946 recte
787 2889 980 2948 sentiat
999 2930 1016 2955 ,
1055 2905 1486 2965 nonnumquam
1509 2887 1880 2967 corrumpitur
1897 2929 1915 2953 ,
1936 2886 2108 2945 &de-

107 2978 374 3036 pravatur.
419 2966 517 3023 ubi
563 2964 714 3023 enim
767 2967 1042 3040 majorem
1071 2965 1313 3042 aliquam
1345 2964 1654 3040 potentiam
1688 2965 1835 3022 nacti
1868 2962 2052 3021 sumus
2089 3007 2106 3032 ,

104 3050 320 3101 tantum
352 3042 498 3101 abest
528 3052 591 3097 ut
621 3042 852 3102 humilia
887 3043 1226 3117 cogitemuS,
1266 3054 1329 3099 ut
1359 3044 1528 3100 etiam
1560 3042 1629 3100 ad
1643 3040 1834 3099 altiora
1852 3040 2104 3098 animum

107 3117 446 3179 extollamus.
520 3118 612 3175 Est
643 3130 831 3178 autem
866 3120 955 3178 hic
982 3119 1179 3192 largitio
1211 3159 1229 3186 ‚
1268 3119 1327 3176 in
1358 3117 1657 3175 tribuendis
1687 3116 1990 3175 honoribus
2020 3116 2108 3174 ni-

105 3196 211 3328 ἓῐιὶει
258 3196 562 3259 liberalitas,
607 3214 739 3257 nam
787 3192 984 3271 largitio
1003 3195 1212 3271 pecnnia
1241 3195 1433 3254 locum
1460 3194 1571 3271 ,hic
1612 3193 1813 3252 habere
1857 3209 1976 3267 non
2023 3194 2107 3251 vi-

149 3358 315 3407 -Neu-
315 3349 510 3426 semper
541 3351 676 3428 σα]
726 3348 840 3407 hoc
869 3348 1019 3407 dicit.
1059 3345 1338 3405 Caesarem
1374 3343 1681 3405 occidimus
1715 3368 1733 3413 ς
1773 3345 1866 3406 sed
1894 3346 2104 3421 regiam

106 3426 428 3497 potestatem
465 3426 549 3486 M.
580 3427 862 3485 Antonius
881 3469 898 3494 ,
938 3423 1155 3482 Caesare
1184 3420 1768 3498 nequior‚aisu1npfit.
1799 3424 1873 3481 ita
1907 3423 2109 3481 viden-

108 3499 246 3565 dum*
269 3503 379 3570 est,
417 3520 526 3572 ne,
565 3501 702 3561 dum
734 3502 793 3560 in
826 3502 1082 3559 Antonio
1117 3497 1367 3556 tollendo
1398 3498 1760 3567 sumus,haec
1792 3498 1854 3555 fit
1887 3488 2060 3556 causs‘a
2081 3540 2101 3568 ,

109 3585 165 3633 ut
192 3578 576 3648 octavianus,
613 3570 864 3655 potentia
897 3578 1066 3635 elatus
1083 3618 1102 3643 ,
1151 3576 1406 3632 Antonio
1437 3576 1598 3649 peior
1627 3575 1831 3632 existat.

171 3653 304 3730 Pag.
344 3654 466 3713 118.
508 3663 683 3733 Neque
712 3652 1029 3732 opinantibus
1047 3696 1064 3721 ,
1101 3665 1196 3707 aut
1215 3650 1526 3728 patientibus
1540 3650 1704 3728 nobis]
1742 3649 1855 3708 five
1872 3648 1926 3706 id
1945 3648 2106 3710 nobis

107 3742 217 3801 non
254 3730 605 3806 opinantibus
624 3774 641 3799 ‚
679 3731 792 3790 five
823 3729 1149 3805 patientibus
1181 3728 1445 3785 evenerit.
1478 3745 1644 3805 aeque
1675 3727 1826 3784 enim
1846 3722 2003 3784 nobis
2018 3729 2105 3784 vi-

109 3804 188 3863 tio
215 3806 449 3868 dabitur.
524 3809 599 3869 Et
629 3808 893 3878 adverte,
930 3807 1071 3865 hanc
1095 3803 1370 3937 loquendi
1399 3802 1860 3863 consuetudinem
1889 3813 2105 3941 vetecrlgs

1186 3896 1217 3958 3
1978 3896 2013 3939 ἓ
2080 3907 2110 3953 ‘z
