2514 4438
306 253 419 357 38
534 246 875 331 ῬΑυιΣζ
925 243 1315 325 Manum.
1361 238 2037 332 ,Comuntur-Am
2060 258 2160 336 σε,

309 389 567 433 ornatam
584 413 607 438 2
643 370 706 426 δε
809 386 866 424 m
897 384 1001 423 non
1031 361 1242 420 dubiam
1261 359 1511 437 triumphi
1529 359 1732 436 neglexi.
1766 370 1989 436 poterat
1999 359 2158 420 enim
2186 359 2374 429 facile

314 440 674 523 ,triumphum
722 452 913 520 perare
948 484 966 512 ,
1021 457 1153 498 cum
1184 454 1430 496 ornatam
1457 437 1810 512 provinciam
1854 437 2131 513 acciperet
2164 479 2190 507 ,7
2238 438 2369 507 hoc

320 526 399 585 est
428 567 447 595 ,
477 522 750 595 ⁸exercitu
778 519 1129 596 pecuniaque
1157 514 1508 574 instructam.
1545 510 1604 571 id
1634 513 1709 573 est
1740 513 1896 573 enim
1924 533 2107 584 ornare
2125 515 2369 590 provin—

320 602 471 660 ciam.
502 600 663 679 quod
692 597 863 658 etiam
898 595 1140 654 diximus
1173 594 1232 651 in
1264 590 1676 650 commentario
1708 589 1781 648 ad
1812 591 2088 652 Atticum.
2170 589 2366 668 Suspi⁴

322 692 425 736 cor
454 691 647 741 autem
673 671 822 750 apud
850 671 1184 749 Suetonium
1211 668 1434 742 inJulio
1465 664 1732 725 mendose
1756 663 1868 742 legi
1883 674 2009 745 34Ac
2042 686 2368 745 nequequam

323 773 481 833 neque
496 755 623 831 ‘jure
641 795 658 821 ,
672 766 959 830 antequam
978 747 1248 824 provincia
1281 745 1642 813 ordinarentur
1660 786 1678 813 ,
1686 745 1940 820 profectus
1966 742 2033 817 est
2061 745 2118 800 in
2150 742 2370 816 alterio?

332 851 440 889 rem
478 829 816 906 Hispaniam3
860 825 920 884 &
937 866 955 893 ,
992 841 1097 899 pro
1129 822 1494 881 ordinarentur
1511 863 1529 890 ,
1567 819 1959 895 reponendum
1989 835 2328 878 ornarentur.

402 905 634 995 Qaerelis
666 904 726 961 de
756 903 882 980 rep]
921 918 1057 959 cum
1089 898 1263 959 eflent
1294 898 1354 957 in
1386 897 1575 956 senatu
1605 939 1624 966 ,
1659 897 1764 973 qui
1791 915 1913 956 non
1944 895 2015 955 de
2045 896 2366 973 provinciis

325 1001 418 1071 agl
448 1026 466 1054 ,
506 981 599 1040 sed
629 979 701 1038 de
726 997 846 1055 rep.
876 977 1099 1035 vellent.
1175 974 1339 1051 Quid
1367 974 1535 1050 igitur
1570 1016 1586 1044 ,
1628 972 1819 1031 existet
1850 973 1922 1032 ali
1962 973 2045 1032 uis
2076 972 2182 1050 qui
2212 973 2364 1049 obji-

326 1071 453 1119 ciat.
473 1101 493 1128 ‚
530 1056 649 1116 n'on
677 1055 749 1114 ad
780 1053 1182 1129 rempublicam
1215 1051 1528 1126 provinciae
1556 1050 1836 1126 pertinent
1868 1052 1893 1106 ἐ
1954 1066 2112 1108 anet-
2137 1046 2237 1107 sed
2265 1049 2363 1108 hic

329 1149 482 1212 remp.
531 1134 747 1209 accipio
792 1149 898 1207 pro
943 1128 1088 1187 rebus
1131 1127 1343 1185 urbanis
1377 1146 1392 1184 ε
1427 1144 1577 1204 quae
1618 1126 1843 1201 majoris
1875 1123 1983 1184 effe
2016 1127 2314 1184 momenti
2344 1167 2394 1195 ,.

327 1218 501 1288 quam
531 1206 840 1286 provinciae
871 1249 888 1277 ‚
985 1203 1272 1265 uibusdam
1304 1202 1642 1262 senatoribus
1672 1201 2002 1262 videbantur
2032 1219 2050 1261 ε
2083 1200 2366 1281 ‘ideoque

326 1287 595 1365 reipublice
615 1286 854 1347 nomine
886 1301 945 1341 re
1005 1301 1037 1340 e
1065 1280 1289 1359 poffunt
1315 1280 1590 1356 appellari.
1628 1310 1632 1329 ι

330 1408 335 1411 -
406 1365 569 1441 Cato]
610 1364 677 1421 C.
695 1362 843 1421 Cato
870 1359 1119 1417 tribunus
1126 1358 1221 1493 cpl.
1253 1358 1355 1433 qui
1383 1359 1627 1415 triennio
1657 1368 1788 1416 ante
1806 1352 2370 1427 ‚Caesare&Bibulo

332 1457 449 1500 cOS.
477 1438 820 1515 Pompejum
850 1436 1094 1512 privatus
1170 1432 1461 1492 ‘estatorem
1491 1452 1523 1491 a
1562 1434 1877 1509 pellaverat.
1903 1452 1990 1511 ep.
2013 1452 2075 1491 α..

370 1546 371 1549 ¹
409 1515 796 1592 promulgavit]
837 1512 1123 1587 proposuit
1141 1554 1158 1579 ‚
1197 1522 1262 1567 ut
1296 1509 1499 1569 deinde
1550 1526 1711 1586 egem
1741 1512 1925 1571 ferret.
1955 1512 2070 1570 hoc
2097 1511 2174 1588 de
2195 1530 2369 1578 more

294 1646 301 1653 .
328 1588 575 1651 diximus
610 1593 667 1647 in
701 1590 890 1648 nostro
922 1588 1063 1645 libro
1097 1586 1167 1644 de
1193 1586 1423 1661 legibus.

410 1666 747 1801 Abrogandog
789 1682 906 1723 non
936 1664 1223 1738 abrogavit
1251 1675 1478 1732 tamen,
1499 1663 1749 1721 Lentulo
1782 1663 2115 1724 Marcellino
2134 1665 2373 1724 consule

324 1743 450 1815 ⁴dies
480 1742 711 1802 comitia
735 1760 790 1800 es
810 1783 828 1810 ,
866 1740 1063 1816 quibus
1093 1735 1236 1796 ferre
1270 1741 1455 1814 legem
1488 1740 1634 1797 Cato
1705 1738 1959 1809 otuiffet,
1998 1759 2202 1801 omnes
2236 1744 2364 1802 exi-

334 1832 546 1880 mente.
576 1819 719 1878 infra
750 1861 768 1888 ,
823 1819 882 1875 &
911 1830 983 1874 ex
1012 1814 1247 1891 epistolis
1284 1858 1303 1885 ,
1358 1832 1490 1893 quae
1503 1818 1648 1888 fami
1668 1836 1795 1874 zares
1825 1817 1997 1892 vulgo
2031 1818 2317 1877 vocantur
2351 1861 2370 1887 ,

332 1898 455 1958 satis
487 1897 695 1955 constat
715 1895 806 1963 ‚P.
841 1894 1149 1951 Lentulum
1182 1911 1300 1950 non
1332 1905 1462 1951 ante
1492 1911 1743 1951 annuum
1774 1893 1805 1949 s
1832 1893 2010 1953 atium
2029 1936 2050 1964 ,
2068 1895 2229 1973 quod
2245 1906 2369 1956 erat

339 1973 784 2032 administrandae
811 1970 1122 2045 provinciae
1158 1969 1513 2042 legitimum,
1551 1968 1687 2027 dece
1794 1988 1844 2027 e.

326 2043 333 2049 ’
414 2051 648 2128 Imperio]
690 2046 906 2105 Ciliciae
946 2044 1435 2104 administratione.
1481 2063 1610 2103 nam
1657 2045 1911 2121 praefeffi
1940 2046 2362 2123 provinciarum

334 2127 639 2199 imperium
684 2123 958 2182 habebant
999 2121 1467 2179 senatusconsulto
1501 2122 1560 2177 &
1595 2122 1718 2197 lege
1755 2124 1976 2197 curiata.
2008 2141 2179 2201 quam
2224 2142 2363 2185 uam

330 2202 555 2277 Appius
583 2200 643 2258 P.
676 2197 865 2258 Clodii
894 2199 1093 2267 frater,
1135 2195 1175 2254 fi
1207 2197 1413 2256 curiata
1442 2197 1535 2255 lex
1564 2198 1693 2257 ferri
1725 2215 1846 2258 non
1870 2198 2049 2277 poffet
2067 2245 2085 2271 ,
2107 2221 2174 2260 ex
2227 2221 2364 2263 ena-

333 2277 677 2338 tusconsulto
698 2273 763 2334 *se
795 2273 904 2333 effe
934 2276 993 2332 in
1021 2274 1375 2350 provinciam
1408 2275 1617 2333 iturum
1647 2276 1960 2336 affirmavit.
1992 2279 2125 2337 fam.
2141 2280 2177 2338 1.
2203 2297 2253 2338 Ξ.
2271 2298 2365 2356 ep.

333 2374 391 2436 9.
425 2357 486 2413 ὃ(
515 2353 586 2416 ad
614 2355 734 2412 Art.
768 2371 853 2428 ep.
894 2352 974 2409 16.
1003 2353 1038 2411 1.
1070 2368 1121 2425 4.
1737 2413 1740 2420 Ι

413 2432 654 2510 Lentulo]
698 2428 1006 2506 Spintheri,
1087 2426 1148 2486 ui
1177 2447 1327 2489 anno
1355 2428 1620 2506 proximo
1653 2429 1842 2489 consul
1870 2429 1937 2489 ab
1968 2432 2173 2498 exsulio
2193 2432 2367 2493 Cice÷

336 2525 540 2570 ronem
571 2518 949 2568 revocaverat.
980 2505 1040 2564 vi
1115 2516 1204 2564 tur
1234 2520 1425 2566 autem
1456 2506 1549 2565 hic
1581 2507 1727 2567 Cato
1757 2506 1819 2565 P.
1850 2507 2041 2567 Clodii
2083 2508 2362 2570 studiosus

328 2584 498 2657 ,fuiffe
517 2629 535 2656 ,
573 2585 673 2664 qui
701 2597 893 2644 contra
927 2583 1237 2642 Lentulum
1265 2585 1332 2648 ³&
1356 2583 1640 2643 Milonem
1659 2626 1677 2653 ,
1714 2601 1961 2666 quorum
1993 2585 2050 2643 in
2078 2587 2361 2661 primiso-

336 2680 469 2738 pera
502 2663 707 2721 Cicero
737 2663 794 2720 in
826 2661 1060 2740 patriam
1092 2660 1328 2720 redierat
1358 2702 1377 2729 ,
1429 2663 1748 2734 rogationes
1781 2661 2237 2736 promulgaverit.
2272 2664 2362 2722 in-

337 2742 456 2809 fra,
495 2740 599 2798 hac
628 2739 738 2815 ipsa
773 2737 1014 2814 epistola.
1407 2761 1408 2784 1
2085 2775 2110 2809 4

339 2872 345 2881 ,
417 2810 697 2894 Μκτὶινὶτ]
740 2813 1012 2872 sordidata
1043 2812 1228 2882 veste,
1270 2813 1341 2873 ad
1370 2813 1854 2875 commovendam
1874 2813 2359 2886 misericordiam,

337 2891 555 2965 sumpta
576 2911 593 2954 z,
634 2890 792 2967 quod
822 2906 1152 2963 magnarum
1185 2892 1567 2950 calamitatum
1598 2894 1656 2951 in
1688 2905 1845 2951 metu
1875 2894 2058 2951 facere
2074 2892 2360 2951 solebant:

337 2967 528 3043 itaque
547 3009 564 3035 ,
586 2966 723 3041 *lege
755 2964 955 3024 Clodia
984 2966 1370 3041 promulgata,
1407 2968 1675 3027 vestitum·
1699 2970 1761 3028 ὃ(
1789 2970 1993 3028 Cicero
2027 2986 2160 3027 cum
2192 2970 2364 3028 innu-

338 3042 589 3109 merabili
617 3043 932 3101 amicorum
965 3043 1249 3112 clientium
1296 3062 1366 3099 ue
1396 3044 1753 3105 multitudine
1785 3057 2113 3106 mutaverat.

364 3119 373 3123 “
413 3118 541 3194 Pag.
568 3138 663 3192 47.
704 3129 960 3191 peregerat
1026 3118 1219 3178 Petrus
1248 3061 1521 3180 ssanelius
1552 3164 1570 3191 ,
1623 3140 1800 3198 quem
1838 3124 2007 3183 habet
2037 3121 2218 3181 Gallia
2249 3123 2363 3183 cla·

336 3194 609 3273 riffimum
638 3196 846 3272 ingenii
877 3194 953 3253 do
1037 3194 1263 3272 inaeque
1291 3196 1485 3255 lumen
1504 3239 1520 3266 ‚
1561 3216 1693 3260 cum
1719 3200 1977 3260 Venetiis
2005 3199 2075 3259 ad
2104 3217 2242 3259 eum
2257 3199 2361 3258 sae-

336 3290 411 3348 pe
441 3273 669 3331 honoris
703 3270 878 3331 cauffa
906 3273 965 3331 in
999 3272 1146 3331 aedes
1177 3272 1414 3347 Georgii
1446 3274 1612 3333 Silvae
1647 3317 1663 3345 ,
1716 3277 2013 3336 Vaurenfis
2057 3275 2308 3352 episcopi
2341 3319 2364 3348 ‚

339 3349 774 3421 adolescentulus
805 3351 1142 3407 ventitarem
1161 3391 1177 3419 ,
1218 3348 1277 3407 in
1307 3349 1563 3409 sermone
1595 3350 1768 3422 dixit,
1809 3353 2011 3412 rectius
2040 3354 2151 3428 legi
2165 3350 2363 3428 posse,

324 3429 522 3505 semper
553 3440 731 3502 egerat.
765 3425 921 3504 quod
951 3424 1104 3484 idem
1137 3426 1278 3484 mihi
1308 3444 1541 3503 quoque
1571 3446 1730 3488 nunc
1772 3431 2010 3488 videtur.
2045 3430 2102 3488 δὲ
2135 3432 2362 3506 optime

338 3505 471 3584 duae
502 3502 774 3582 dictiones
791 3545 809 3572 ‚
847 3503 1106 3560 interdum
1142 3545 1158 3570 ‚
1186 3502 1384 3578 fi’mper
1415 3545 1433 3572 ,
1473 3506 1640 3563 altera
1673 3523 1804 3565 cum
1835 3508 2003 3565 altera
2037 3519 2314 3581 congruet
2345 3529 2366 3570 ε

242 3631 249 3636 ,
339 3595 405 3643 ut
435 3581 738 3658 Pompejus
770 3579 986 3638 filentio
1016 3597 1135 3637 non
1162 3580 1287 3637 sane
1304 3579 1499 3658 fifmper
1531 3584 1738 3656 egerit,
1778 3583 1871 3641 sed
1884 3583 2179 3651 interdum
2224 3602 2363 3645 cum

338 3658 672 3718 auctoritate
702 3674 840 3715 vero
871 3656 1102 3731 semper.
1132 3656 1279 3714 hanc
1308 3658 1464 3717 enim
1496 3676 1793 3734 operarum
1810 3658 2008 3724 Clodii.
2020 3662 2234 3723 elamor
2250 3663 2361 3721 eri-

344 3728 351 3736 ο

338 3752 474 3814 pere
504 3752 817 3812 numquam
847 3734 1051 3808 potuit.
1645 3799 1646 3802 Ἴ

417 3814 650 3878 Surrexit
685 3810 920 3888 Clodius]
962 3808 1132 3876 aedilis
1150 3853 1170 3885 ‚
1209 3810 1442 3876 Milonis
1472 3811 1772 3875 accusator.
2332 3897 2366 3978 ]

2230 3902 2334 3953 Ore
