2514 4438
264 286 366 370 24*
497 258 782 343 P-Atrtss.
836 267 1226 343 MANuT:
1275 262 2093 346 CoM'MssnrAmus

261 408 379 447 non
411 389 574 464 plane
606 388 819 464 septem
854 385 1015 447 fuifl'e
1035 432 1052 458 ,
1091 387 1354 464 locumque
1379 389 1500 464 J‘nm
1530 386 1755 449 anobis
1788 406 1857 447 ex
1890 386 2149 448 oratione
2181 405 2315 466 pro,

259 467 485 526 Milone
531 467 828 525 recitatum
877 461 1099 523 fortaffe
1150 464 1362 522 mendo
1407 479 1526 523 non
1559 481 1756 524 vacare
1786 489 1805 535 ς
1862 465 2020 543 quod
2048 465 2109 523 in
2137 469 2316 530 notis?

261 554 630 602 numerorum
669 541 832 600 facile
856 539 1002 599 —solet
1033 539 1262 599 evenire
1295 547 1311 598 ἐ
1350 539 1485 600 huic
1514 583 1532 611 ,
1553 542 1819 619 -opinor,
1854 543 1999 602 hanc
2028 542 2314 617 suspicio·

261 624 398 679 nem
430 619 601 694 eripia
684 661 700 686 ‚
740 615 903 692 ipfius
936 617 1222 675 Ciceronis
1250 617 1596 676 testimonio,
1625 635 1757 676 nam
1791 621 1849 678 in
1882 618 2139 682 oratione
2169 621 2316 694 post

265 694 507 753 reditum
539 636 856 763 inubenatu,
894 694 1005 764 ubi,
1024 706 1440 751 commemorat
1473 711 1571 752 eos
1607 694 1946 770 magistratus
1980 737 2000 764 ‚
2039 712 2309 770 quorum

267 788 381 846 ope
407 769 644 829 redierat
675 771 743 830 ab
777 769 985 827 exsulio
1019 810 1036 838 ,
1089 768 1325 827 nomina
1356 770 1520 845 ponit
1550 769 1686 829 oeco
1731 771 2085 831 tribunorum
2120 773 2203 848 pl:
2234 774 2313 833 δε

266 849 481 922 septem
514 851 821 923 praetorum
840 888 858 914 ,
899 862 1096 904 eorum
1129 844 1334 903 scilicet
1370 847 1632 905 omnium
1654 865 1831 925 ,quos
1861 849 1921 908 in
1957 864 2023 906 ea
2055 864 2162 925 pro
2177 850 2315 908 Mi-

269 924 402 983 lone
436 921 849 998 significaverat.
926 921 1204 996 Scriptum
1237 921 1315 980 est
1345 923 1517 982 etiam
1551 923 1697 999 apud
1728 924 1985 984 Dionem
2002 924 2092 983 lib.
2111 942 2216 984 χιι
2232 944 2300 995 1,

272 1000 343 1059 de
374 1000 702 1077 praetoribus
721 1016 766 1078 *a
799 998 867 1056 C.
901 997 1119 1057 Caesare
1140 998 1297 1073 ,post
1326 998 1431 1058 Cn.
1447 999 1788 1078 Pompejum
1814 1002 1881 1060 ‘in
1897 995 2171 1060 Pharsrssia.
2197 1002 2313 1061 de·-

275 1077 488 1136 viftum
508 1118 546 1145 ,A
568 1074 766 1136 decem
800 1074 991 1134 creatis
1025 1116 1043 1144 ,
1083 1083 1147 1132 ut
1175 1073 1409 1150 gratiam
1442 1076 1586 1135 bene
1618 1076 1688 1136 de
1717 1076 1773 1136 se
1803 1076 2013 1138 meritis
2046 1078 2313 1138 referret.

273 1154 356 1216 ’ἕνα
380 1148 716 1262 ssjsfilquit
736 1153 763 1230 ,⁵
800 1153 1008 1224 πλέους
1038 1159 1201 1215 ἀυτῶ
1228 1155 1521 1232 ἀμείψηται
1550 1199 1565 1224 ,
1610 1160 1897 1238 σ’ᾱντηγσός
1922 1182 1976 1219 τε
2002 1155 2131 1218 θέω
2160 1160 2213 1226 ἔς
2246 1159 2338 1227 τῖῄ

279 1240 410 1300 ἔπίὁν
440 1247 574 1304 εἰείΜ
604 1238 841 1314 ἀπέἕωξε
861 1290 877 1316 ‚
927 1250 973 1320 ἐξ
1000 1237 1167 1319 ιἶερίοες
1195 1237 1338 1320 ὼέρ
1367 1237 1419 1300 τὶ
1446 1239 1787 1315 νενομισμένον.
1832 1243 1996 1318 quod
2026 1241 2066 1303 fi
2099 1289 2117 1316 ‚
2158 1246 2313 1322 Plu-

276 1322 359 1380 res
389 1322 829 1381 ut'rcmunerari
863 1318 1073 1393 pofl‘et,
1113 1318 1315 1380 decern
1346 1333 1613 1407 praetores
1632 1362 1651 1391 ,
1681 1321 1743 1379 &
1771 1321 1950 1399 plures
1967 1338 2175 1398 ,quam
2194 1339 2307 1382 an-

272 1406 364 1455 tea
399 1398 648 1467 fuerant,
692 1399 998 1457 sacerdotes
1031 1397 1268 1456 creavit:
1310 1397 1578 1457 nimirum
1614 1395 2140 1477 constat,praetores
2171 1415 2305 1460 non

275 1485 439 1533 antea
489 1473 691 1533 decern
736 1473 910 1532 fuiffe.
991 1473 1142 1531 Nam
1217 1472 1334 1532 uod
1367 1474 1425 1533 in
1456 1472 1779 1550 Pomponio
1814 1473 1886 1533 de
1915 1475 2134 1549 origine
2158 1475 2311 1561 juris

278 1551 478 1627 iegitur
493 1573 516 1619 ς,
557 1593 598 1620 ,,
618 1549 878 1616 Cornelius
895 1549 1036 1624 Sulla
1091 1567 1181 1607 uae
1232 1549 1386 1609 'ones
1413 1550 1653 1627 publicas
1670 1549 2184 1620 constituit·,velut1
2224 1551 2305 1610 de

279 1628 446 1696 fals0,
468 1650 474 1654 ·
495 1626 565 1686 de
599 1625 930 1712 parricidio,
970 1623 1041 1684 de
1091 1625 1269 1684 icariis
1304 1668 1340 1699 ,‚
1362 1625 1431 1684 de
1459 1627 1703 1703 injuriis;
1746 1627 1807 1686 δε
1837 1640 2107 1706 praetores
2137 1639 2311 1705 quat·
2360 1627 2365 1632 ’

282 1714 410 1761 tuor
438 1701 676 1778 adjecit,
716 1699 918 1760 deinde
949 1700 1017 1759 C.
1045 1701 1218 1774 Julius
1250 1701 1434 1760 Caesar
1461 1703 1602 1761 duos
1632 1713 1897 1780 praetores
1919 1747 1935 1772 ,
1954 1704 2014 1762 &
2046 1703 2188 1763 duos
2222 1722 2311 1764 ae-

278 1779 444 1848 diles,
485 1778 584 1856 qui
614 1777 902 1840 Frumento
931 1775 1256 1855 praeess'ent,
1299 1796 1331 1836 a
1363 1778 1566 1838 Cerere
1601 1780 1822 1838 Cereales
1850 1780 2137 1853 constituit:
2158 1787 2199 1851 „'
2239 1780 2305 1840 id

286 1873 381 1916 me
415 1855 654 1916 minime
689 1855 995 1916 conturbat.
1030 1873 1149 1914 non
1181 1853 1334 1913 e‘nim
1368 1853 1540 1925 dixit,
1578 1856 1781 1934 adjecit
1811 1860 2313 1933 quattuorssp'raetoe

281 1951 368 1992 res
399 1932 468 1995 ad
497 1943 1088 2004 numerumtveterum
1118 1942 1427 2009 praetorum
1459 1955 1479 2002 ς
1519 1931 1611 1994 sed
1643 1975 1660 2001 ,
1699 1933 1903 2010 adjecit
1933 1945 2200 2010 quattuor
2233 1931 2312 1992 de

284 2011 351 2070 iis
370 2053 388 2080 ,
428 2010 528 2087 qui
559 2022 826 2086 praetores
857 2018 1046 2077 erant,
1084 2006 1153 2066 ad
1184 2007 1425 2082 publicas
1455 2009 1821 2095 quaestionem
1861 2020 1925 2067 ut
1954 2020 2224 2087 quattuor
2241 2011 2315 2069 ab

283 2085 403 2162 ipso
435 2085 828 2164 quaestionibus
879 2085 1131 2143 institutis
1180 2094 1446 2160 quattuor
1485 2099 1623 2144 rtem
1658 2098 1925 2162 praetores
1957 2083 2256 2162 praeeffent
2294 2108 2312 2147 ε

284 2178 430 2240 quos
464 2174 654 2221 autem
691 2161 831 2228 ,dues
861 2160 936 2217 ait
967 2173 1234 2236 praetores
1269 2159 1301 2218 “a
1335 2150 1401 2218 C.
1434 2161 1650 2222 Caesare
1680 2161 2006 2241 adjtmetOS,
2026 2179 2121 2222 eos
2143 2162 2314 2239 ,opi-

286 2256 428 2306 nor,
468 2239 721 2314 intelligit
753 2281 771 2305 ,
809 2235 878 2295 de
910 2238 1108 2314 quibus
1143 2236 1406 2295 meminit
1435 2238 1554 2298 Dio
1589 2281 1606 2307 ,
1645 2240 1744 2317 qui
1774 2238 2065 2299 denarium
2095 2253 2311 2299 nume-

282 2330 414 2375 rum
446 2314 812 2374 absolverunt.
887 2313 1046 2372 Patet
1075 2313 1241 2389 igitur
1271 2312 1342 2371 de
1374 2314 1698 2390 praetoribus
1730 2316 1865 2375 ono
1898 2316 2071 2393 usque
2100 2314 2173 2374 ad
2188 2326 2311 2376 ter-

286 2391 434 2450 tium
467 2391 533 2451 C.
569 2391 797 2451 Caesaris
829 2390 1192 2448 consulatum.
1227 2388 1365 2467 quid
1399 2391 1552 2451 enim
1588 2392 1774 2452 dubias
1810 2391 2155 2470 conjecturas
2188 2392 2313 2454 col-

278 2468 452 2543 ligere
485 2486 625 2545 opus
659 2468 768 2537 est,
806 2467 866 2528 in
897 2485 961 2526 ea
991 2484 1086 2536 re,
1124 2482 1254 2545 quae
1282 2466 1414 2546 [ᾳϊῑς
1436 2468 1720 2528 manifeste
1749 2469 2104 2547 probatur&
2136 2471 2311 2539 exeo

287 2544 501 2605 senatus
532 2544 785 2607 consulto
819 2587 836 2614 ,
877 2544 1030 2620 cujus
1063 2544 1226 2603 verba
1248 2544 1611 2605 recitavimus
1645 2588 1661 2613 ‚
1701 2546 1763 2603 δε
1793 2564 1861 2603 ex
1894 2556 2162 2623 quattuor
2198 2544 2307 2605 Ci-

289 2624 507 2682 ceronis
553 2620 894 2682 orationibus
929 2664 947 2691 ‚
1002 2620 1063 2680 δε
1109 2639 1177 2680 ex
1209 2620 1414 2681 Dionis
1443 2621 1664 2680 historia
1695 2620 1721 2678 ἓ
1763 2621 1872 2681 Sed
1899 2623 2078 2697 arguit
2107 2620 2307 2681 nescio

289 2700 412 2773 quis
443 2742 464 2769 ,
502 2712 564 2757 ut
594 2700 791 2758 decem
826 2709 1090 2774 praetores
1121 2696 1370 2757 ostendat
1404 2740 1421 2767 ,
1473 2700 1586 2756 hoc
1618 2696 1815 2756 mod0.
1888 2698 2161 2756 Praetores
2193 2715 2309 2774 pu-

287 2773 439 2835 blicis
512 2774 868 2834 uaestionibus
895 2773 1205 2848 praeerant:
1243 2774 1479 2847 publicae
1512 2772 1843 2850 quaestiones
1876 2773 2259 2850 erantseptem
2290 2816 2310 2844 ,

226 2876 234 2886 ·
287 2852 430 2910 inter
483 2852 713 2919 rcariOS,
751 2850 820 2909 de
846 2847 1164 2924 repetundis
1197 2890 1213 2917 ,
1251 2850 1533 2924 peculatus
1566 2892 1586 2919 ,
1626 2848 1694 2908 de
1727 2850 1975 2919 ambitu,
2016 2849 2086 2909 de
2118 2851 2306 2926 maje-

285 2926 419 2988 state
440 2967 458 2993 ,
498 2924 569 2984 de
600 2926 659 2986 vi
678 2967 697 2994 ,
736 2925 806 2985 de
837 2925 968 2983 falso
986 2946 1005 2991 ;
1048 2942 1179 3000 quae
1212 2925 1424 2984 crimen
1455 2924 1715 2984 veneficii
1745 2970 1763 2996 ,
1803 2928 1863 2985 ὅ(
1894 2928 1997 2986 alia
2028 2925 2303 3014 quaedam

270 3000 777 3076 complectebatur.
810 3013 942 3074 ergo
963 3042 981 3068 ,
1022 3016 1153 3059 cum
1187 3000 1399 3075 septem
1435 2998 1606 3060 effent
1619 3002 1951 3079 quaestiones
1972 3001 2186 3081 ,-quod
2240 3020 2308 3063 a-

276 3079 367 3135 ·'tet
400 3095 470 3137 ex
502 3078 760 3136 oratione
792 3087 898 3153 pro
931 3076 1247 3143 Cluentio,
1304 3077 1364 3134 ὃς
1449 3078 1701 3136 uaestioni
1750 3079 1895 3139 inter
1925 3080 2142 3138 ficarios
2216 3096 2303 3140 uo

272 3167 550 3229 ,praetores
579 3151 902 3229 praeeffent,
942 3151 1162 3229 reliquis
1191 3164 1384 3211 autem
1416 3155 1608 3229 „lnguli
1638 3166 1935 3232 praetores:
1964 3155 2133 3215 ‘fuiffe
2152 3172 2307 3231 prae-

276 3234 435 3289 'rores
469 3228 603 3288 ooo
625 3273 641 3298 ,
679 3230 778 3307 qui
794 3228 1186 3309 quaestionibus
1217 3227 1510 3304 praeeffent
1529 3275 1544 3298 ,
1566 3233 1625 3289 ὅς
1656 3230 1796 3289 duos
1827 3244 2093 3317 praeterea
2112 3250 2301 3309 ,quo-

286 3322 411 3364 rum
445 3306 587 3366 alter
609 3307 752 3365 inter
784 3322 931 3364 cives
951 3348 968 3374 ,
1005 3306 1139 3364 alter
1166 3305 1313 3363 inter
1341 3308 1659 3381 peregrinos
1682 3306 1774 3383 jus
1791 3307 2300 3377 diceret,neccffa-

278 3384 425 3443 rium
461 3380 697 3442 videtur.
769 3381 909 3441 Dixi
931 3382 1049 3457 jam
1088 3425 1105 3451 ,
1159 3399 1277 3439 non
1311 3380 1418 3440 effe
1452 3382 1728 3459 agendum
1763 3385 2095 3462 conjecturis
2127 3428 2145 3454 ,
2200 3400 2329 3452 aut.

274 3459 619 3534 argumentis
637 3502 655 3528 ,
693 3457 789 3517 ubi
817 3460 1076 3517 'veterum
1105 3458 1422 3517 testimonia
1455 3460 1735 3535 perspicua
1764 3460 1919 3520 sunt:
1943 3479 2050 3519 nec
2066 3478 2206 3519 vero
2227 3462 2298 3520 il-

276 3536 328 3594 {a
349 3579 364 3603 ‚
407 3553 536 3612 quae
558 3536 680 3613 jam
712 3535 904 3603 attuli,
947 3534 1174 3593 obscura
1207 3533 1384 3593 videri
1416 3533 1656 3610 poffunt.
1732 3536 1910 3611 Quod
1942 3556 2080 3596 vero
2098 3537 2167 3597 ad
2182 3555 2295 3597 nu-

281 3617 503 3672 merum
526 3611 907 3689 'quaestionum
943 3610 1175 3680 attinet,
1217 3610 1428 3669 diversa
1459 3612 1602 3671 ratio
1638 3612 1727 3670 est.
1767 3632 1898 3672 nam
1934 3613 2302 3675 finumerum

275 3702 583 3764 praetorum
632 3687 700 3745 ad
746 3703 1047 3747 numerum
1082 3686 1457 3763 quaestionum
1504 3688 2061 3750 accommodabimus
2095 3714 2113 3758 ;
2169 3708 2295 3751 non

272 3763 449 3821 modo
484 3766 662 3840 plures
693 3781 864 3840 quam
899 3762 1033 3821 osto
1066 3805 1083 3831 ,
1138 3761 1231 3820 sed
1264 3764 1444 3838 plures
1476 3764 1646 3823 etiam
1677 3782 1849 3841 quam
1881 3765 2081 3827 decem
2115 3769 2294 3826 creari

266 3851 531 3917 praetores
562 3838 780 3902 neceffe
813 3838 931 3901 erit.
968 3838 1043 3902 est
1076 3839 1228 3900 enim
1266 3839 1498 3920 quaestto
1532 3839 1604 3902 de
1636 3840 1769 3902 falso
1804 3884 1821 3915 ,
1885 3843 1961 3905 est
1992 3839 2062 3905 de
2096 3844 2330 3928 parici-'
2380 3910 2386 3914 ,
2473 3856 2474 3860 ’

2142 3919 2283 3989 dio,

100 4127 264 4209 ’Ἷ
