2514 4438
293 251 435 327 270
649 226 1112 302 PALnnm
1164 223 1950 306 CorrMENTAmus

282 347 501 406 laetatur
535 343 851 404 commodis
883 344 942 401 &
974 340 1240 401 condolet
1272 341 1650 401 incommodis
1682 342 1836 418 cjuS‚
1916 359 2048 401 uem
2083 353 2235 412 amat
2269 362 2286 402 τ

287 436 348 480 ut
384 422 540 481 Arist.
573 420 662 478 lib.
699 437 750 486 2,
784 419 950 478 Rhet.
985 416 1205 477 invidus
1237 434 1373 476 vero
1407 431 1595 477 contra
1632 418 1843 493 prorsus
1931 421 2024 477 cit.

364 500 542 555 Etiam
558 516 714 553 novos
727 494 977 572 homines]
1017 491 1192 552 caussa
1225 493 1452 553 invidiae
1470 496 1527 553 in
1547 496 1610 554 iis
1626 494 1701 554 est
1717 494 1826 570 ipsa
1843 496 2132 555 honorum
2153 512 2286 555 con·

286 577 484 633 tentio,
524 573 673 631 Nam
697 614 713 640 ‚
752 572 1023 648 quoniam
1055 569 1312 629 homines
1333 612 1350 638 ,
1389 587 1522 632 cum
1557 571 2016 646 competitoribus
2050 573 2114 630 &
2148 573 2287 631 riva-

287 650 428 712 libus
459 651 518 707 &
551 651 791 708 omnino
823 646 1019 707 eadem
1055 647 1433 720 expetentibus
1467 689 1484 710 ,
1523 646 1594 707 de
1629 647 1847 706 honore
1882 647 2238 708 contendunt
2271 690 2288 717 ,

287 723 387 795 fit,
429 736 489 784 ut
523 725 589 785 iis
619 724 962 801 potiffimum
996 721 1244 781 invidere
1276 720 1490 782 necesse
1520 723 1599 781 fit.
1618 721 1791 782 Arist.

367 812 548 859 Novos
578 799 801 859 homines
819 800 1092 878 pretorius]
1133 797 1281 875 quafi
1314 797 1459 859 dicat
1477 842 1494 870 ,
1532 800 1631 877 qui
1660 799 1759 858 tibi
1789 817 1943 874 pares
1976 799 2102 860 sunt
2121 819 2134 858 :
2156 818 2291 862 nam

297 878 442 937 inter
473 879 575 936 hos
608 878 778 936 etiam
810 877 960 964 viget
995 873 1219 938 invidia.
1256 875 1376 933 Cic.
1411 875 1548 942 2.de
1567 887 1703 933 orat.
1746 874 2003 935 Invident
2032 878 2298 936 homines

294 954 541 1026 maxime
574 953 786 1028 paribus
816 964 910 1010 aut
942 951 1289 1018 inferioribus
1367 967 1495 1018 cum
1528 951 1583 1011 se
1619 949 1837 1011 relictos
1854 950 2130 1011 sentiunt:
2172 952 2296 1013 illos

292 1044 482 1104 autem
495 1028 709 1088 ‘dolent
742 1025 995 1087 evolasse.
1031 1029 1088 1084 ὅ(
1122 1026 1283 1086 Arist.
1308 993 1405 1085 lib.
1426 1044 1476 1084 2:
1512 1028 1608 1092 ubi
1642 1026 1712 1087 de
1747 1028 2028 1087 stomach.

374 1105 491 1182 Nisi
518 1106 606 1183 qui
636 1120 724 1162 tuo
757 1103 976 1176 beneficio
997 1104 1195 1192 janai]
1238 1113 1300 1160 ut
1332 1114 1557 1180 propter
1590 1102 1856 1162 beneficia
1889 1115 1945 1163 te
1990 1122 2182 1164 amare
2203 1122 2297 1163 co·

292 1195 505 1257 gantur.
584 1182 670 1240 Le
709 1182 815 1239 itur
846 1192 1034 1246 autem
1070 1181 1130 1238 &
1151 1177 1325 1256 Juncli
1361 1180 1422 1238 &
1455 1180 1619 1238 vineti
1639 1222 1656 1248 ,
1695 1180 1756 1244 &
1787 1192 2091 1258 utrumque
2110 1179 2294 1241 recte:

289 1257 392 1318 nist
424 1257 625 1317 rectius
695 1269 718 1314 t
749 1257 893 1313 vieti.
1930 1303 1935 1308 ,

372 1335 512 1406 Jam
528 1335 583 1389 in
588 1347 653 1411 po
765 1334 789 1412 ]
832 1349 949 1391 uno
983 1330 1157 1391 verbo
1189 1334 1449 1392 homines
1483 1330 1740 1390 obscuros
1756 1331 2295 1409 compleffltur,qui

294 1411 356 1469 &
388 1411 482 1487 ipsi
515 1412 628 1468 invi
671 1421 830 1468 eant:
875 1426 1009 1467 mox
1044 1405 1114 1467 de
1145 1409 1246 1478 iis,
1287 1410 1382 1484 qui
1416 1406 1537 1466 irati
1569 1405 1676 1466 esse
1704 1407 1938 1484 possint,
1976 1409 2107 1485 agit.

372 1491 554 1562 Quam
586 1485 740 1543 multi
771 1485 1115 1561 consuetudine
1148 1484 1332 1543 horum
1364 1503 1617 1542 annorum
1633 1482 1699 1540 ab
1715 1483 1984 1543 honoribus
2016 1484 2168 1542 novis
2183 1484 2296 1540 alie·

298 1565 440 1641 nati]
482 1567 907 1637 interpretantur
941 1562 1190 1620 nonnulli
1223 1561 1289 1618 ab
1319 1559 1582 1618 honoribus
1613 1560 1797 1630 novis,
1875 1579 1939 1621 ro
1977 1561 2047 1619 ab
2083 1561 2296 1618 homini·

299 1637 392 1695 bus
426 1639 609 1705 novis,
647 1637 843 1713 quibus
879 1638 1119 1696 honores
1153 1636 1427 1696 darentur.
1466 1636 1591 1711 Ego
1626 1653 1816 1695 veram
1853 1637 2140 1697 ostionem
2160 1648 2294 1713 puto

301 1713 410 1778 effe
428 1756 446 1783 ‚
484 1711 552 1771 ab
582 1712 865 1771 hominibus
898 1714 1076 1770 novis:
1118 1730 1247 1772 nam
1268 1716 1325 1772 &
1344 1713 1547 1770 honores
1562 1728 1663 1788 pro
1679 1712 1963 1773 hominibus
1977 1713 2185 1773 d‘urutn
2203 1712 2289 1779 eth

303 1791 361 1849 ὃ(
399 1807 499 1865 pro
536 1787 817 1847 hominibus
848 1789 1075 1848 scribere
1090 1788 1356 1847 honoribus
1374 1831 1398 1858 ,-
1431 1788 1677 1864 proclive
1693 1789 1815 1847 fuit.
1854 1793 2005 1865 Quae
2027 1790 2291 1852 sitautcm

300 1866 811 1927 hortunannorum
843 1864 1184 1924 consuetudo
1205 1906 1222 1934 ,
1262 1865 1403 1925 mihi
1432 1882 1549 1923 non
1584 1863 2065 1942 estcompertuni:
2105 1865 2298 1926 nifidi·

302 1957 389 2000 cat
408 1985 426 2011 ‚
467 1942 672 2001 multos
704 1941 966 2001 alienatos
998 1942 1066 2000 ab
1096 1942 1415 2001 hominibus
1430 1940 1593 2001 novis
1614 1982 1631 2009 ,
1649 1953 1873 2027 propter
1889 1942 2140 2002 Marium
2164 1960 2298 2012 ,no-

301 2036 439 2080 vum
475 2019 766 2078 hominem
789 2059 805 2084 ,
825 2019 883 2078 ὃ(
916 2018 1050 2078 alios
1081 2020 1197 2095 ejus
1266 2018 1473 2086 eneris‚
1513 2017 1610 2094 qui
1627 2018 1812 2077 civiles
1829 2016 2186 2078 dissensiones
2204 2035 2295 2077 eit·⁴

303 2096 536 2153 citarunt
557 2136 574 2162 ,
614 2096 672 2152 &
705 2087 1000 2152 insolenter
1030 2094 1083 2153 se
1110 2111 1180 2170 ge
1226 2106 1402 2153 erunt.
1453 2093 1525 2152 Et
1556 2094 1680 2152 sane
1711 2094 1970 2155 homines
2005 2096 2061 2154 in
2094 2095 2298 2156 divitiis

302 2172 362 2239 δε
398 2171 646 2246 potentia
679 2170 818 2230 novi
850 2170 1230 2231 insolentiores
1262 2170 1369 2231 effe
1399 2170 1590 2230 solent.
1636 2169 1799 2230 Arist.
1828 2170 1921 2232 lib.
1952 2189 2003 2233 2.
2033 2171 2296 2244 Rhetori-

300 2264 513 2313 Corum-

299 2392 304 2401 ι
387 2326 556 2393 Venire
587 2323 679 2387 tibi
707 2322 764 2381 in
795 2338 1013 2381 mentem
1033 2364 1050 2395 ,
1088 2339 1215 2382 certo
1233 2319 1363 2402 scio]
1403 2322 1497 2380 hic
1526 2321 2031 2400 interpungendum
2065 2321 2295 2383 &subsi-

300 2398 553 2462 stendum
572 2442 591 2471 ‚
629 2412 821 2461 contra
854 2418 1024 2477 quam
1059 2400 1113 2459 in
1135 2400 1319 2459 multis
1337 2398 1617 2458 codicibus
1636 2400 1743 2458 est:
1784 2399 1942 2478 quod
1959 2417 2084 2461 cum
2103 2403 2175 2458 ita
2190 2397 2255 2457 fit
2274 2440 2296 2468 ‚

300 2480 358 2543 in
429 2476 663 2553 rincipio
693 2477 855 2555 hujus
884 2476 1169 2538 sententiae
1199 2475 1499 2551 legendum
1533 2474 1752 2535 videtur
1780 2517 1799 2545 ,
1838 2496 2000 2556 quam
2031 2476 2182 2535 multi
2217 2476 2300 2534 in-

263 2604 270 2619 s
301 2558 362 2614 vi
434 2553 564 2632 fine.

380 2630 488 2705 Effe
517 2630 672 2687 etiam
702 2627 967 2686 nonnullos
1000 2626 1091 2684 tibi
1121 2625 1302 2706 iratos]
1345 2625 1439 2686 etsi
1475 2626 1628 2685 enim
1663 2639 1860 2687 monet
1880 2627 2001 2688 Cic.
2017 2629 2110 2689 lib.
2128 2647 2180 2687 2.
2201 2625 2296 2687 off.

304 2723 368 2766 ut
396 2706 735 2764 advertamus
751 2746 769 2773 ,
808 2724 869 2761 ne
888 2746 904 2771 ,
944 2722 1059 2760 cum
1091 2703 1211 2759 alios
1218 2703 1412 2778 juvare
1432 2701 1647 2760 velimus
1664 2747 1680 2773 ,
1719 2704 1841 2760 alios
1855 2704 2200 2780 offendamun
2222 2718 2300 2763 ta-

307 2801 440 2843 men
474 2781 678 2839 ibidem
716 2772 986 2848 ostendit,
1025 2779 1120 2853 cogi
1155 2797 1240 2835 nos
1272 2780 1533 2837 interdum
1552 2821 1569 2848 ,
1609 2779 1692 2837 vel
1718 2781 1911 2837 invitos
1931 2824 1948 2851 ,
1986 2782 2209 2861 aliquem
2227 2783 2296 2855 of·

292 2858 511 2935 findere.
550 2857 643 2914 De
674 2855 737 2914 iis
769 2856 971 2913 iterum
1005 2853 1332 2923 dicet,cum
1353 2896 1369 2924 ‚
1389 2855 1687 2931 quomodo
1753 2855 1967 2915 lac-andi
2000 2856 2297 2935 fint‚quos

306 2933 534 3002 laeserit,
572 2930 706 2988 dum
741 2930 931 2989 contra
967 2948 1063 2989 eos
1097 2947 1197 3005 pro
1228 2932 1415 2989 amico
1432 2930 1639 2991 diceret
1660 2974 1678 3001 ,
1733 2932 1933 2993 ocebit.
1972 2935 2298 3013 Quodvero

305 3008 515 3069 'multos
548 3003 792 3075 laefisset,
831 3005 965 3064 dicit
994 3006 1149 3075 Dio,
1187 3007 1278 3064 lib.
1297 3007 1383 3084 38.
1424 3006 1677 3066 Plurimos
1695 3016 1776 3066 M.
1795 3010 1962 3069 Cicero
1979 3009 2300 3086 lasanum

301 3100 522 3150 ,tantum
555 3082 689 3159 apud
722 3103 797 3140 eos
817 3126 832 3151 ,
869 3081 1049 3161 quibus
1067 3085 1332 3158 prqfuerat
1349 3126 1366 3153 ,
1391 3083 1603 3156 sqvoris
1632 3081 1846 3160 ραὂρόαξ
1877 3128 1898 3156 ‚
1937 3102 2202 3167 quantum
2230 3106 2303 3144 eo-

306 3182 428 3223 rum
448 3205 464 3230 ,
504 3179 625 3239 quos
647 3157 922 3290 Zfflndtrat
942 3198 959 3227 ‚
996 3160 1190 3221 animos
1222 3179 1257 3231 a
1278 3150 1334 3235 sb
1365 3152 1767 3238 abalienaverqtf
1950 3172 1954 3179 '

351 3238 524 3373 'thadn’
554 3235 646 3292 tllu
712 3251 821 3292 tute
852 3233 1226 3315 circumspicito]
1279 3247 1344 3293 tu
1373 3235 1488 3312 ipse
1520 3235 1902 3297 animadverte
1931 3280 1950 3308 ,
2005 3256 2104 3300 me
2133 3241 2299 3300 etiam

305 3331 364 3373 ni
406 3332 421 3371 1
508 3325 706 3369 icente.
2066 3366 2071 3381 ,

308 3468 340 3527 s
389 3388 542 3466 Qod
572 3388 642 3445 ad
672 3395 773 3444 Cn.
805 3387 1047 3468 Pompeji]
1090 3388 1370 3464 praecipuc
1403 3388 1462 3448 in
1491 3385 1765 3449 suadenda
1796 3390 1918 3466 lege
1935 3391 2171 3452 Manilia
2191 3436 2210 3464 ,
2248 3404 2306 3449 ut

333 3486 368 3525 u
410 3485 481 3526 ra.

369 3486 455 3600 pTe
477 3541 673 3621 dedisti]
716 3539 1041 3601 Mannuccii
1070 3540 1207 3602 liber
1237 3539 1492 3619 scriptus,
1532 3536 1668 3601 item
1705 3542 1873 3613 alter,
1911 3558 2083 3620 quern
2122 3543 2188 3604 ab
2204 3543 2306 3603 ho-

309 3619 466 3680 mine
500 3619 637 3677 mihi
669 3616 995 3676 amiciffimo
1016 3659 1033 3685 ,
1074 3618 1133 3675 ὃ(
1167 3617 1439 3693 praestanti
1472 3618 1700 3693 ingenio
1732 3661 1749 3688 ,
1789 3620 1848 3678 ὃς
1880 3618 2133 3679 doch-ina
2167 3638 2304 3697 prae-

310 3690 430 3751 dito
453 3734 467 3760 ,
507 3691 802 3751 Frederico
836 3694 1074 3751 Ccrruto
1109 3695 1333 3768 accepi,
1371 3692 1591 3767 dedidisti
1623 3695 2171 3775 habetzquodtanto
2192 3715 2307 3755 ma-

305 3770 390 3848 gis
416 3770 601 3849 placet
618 3812 636 3843 ‚
676 3781 889 3851 quanto
921 3771 1040 3851 plus
1074 3770 1148 3831 est
1175 3770 1342 3837 dedere
1374 3788 1545 3852 quam
1577 3771 1713 3834 dare.

2167 3860 2309 3909 Num
