2514 4438
317 255 486 358 ³75.
562 253 766 329 Pais
791 237 1306 328 rjl'MANnr.
1356 237 2157 356 COMMENT'An‘ms

313 373 365 440 ti
405 373 487 433 uis
517 373 676 433 libris,
708 370 887 449 potest
918 370 1069 428 enim
1103 368 1375 428 subaudiri
1410 413 1427 438 ,
1466 363 1704 434 homines.
1790 377 1795 382 “
1886 377 1891 381 ’

441 467 520 524 ag.
560 468 681 525 137.
722 449 997 522 Larentia]
1038 465 1167 524 quae
1211 463 1288 521 po
1327 445 1422 504 ulo
1456 447 1722 505 Romano
1755 465 1910 523 agros
1943 492 1961 517 ,
2002 450 2351 526 Turacemss
2407 488 2429 509 .

320 525 673 595 Semurium,
713 523 1037 582 Lincerium
1058 566 1075 591 ‚
1115 524 1174 580 δε
1206 521 1279 579 So
1302 521 1479 581 inium
1510 523 1763 598 reliquit:
1805 542 1871 583 ex
1892 543 2010 602 quo
2042 526 2115 583 est
2136 527 2345 585 annuis

321 601 792 684 parentationibus
823 602 1108 664 honorata.
1181 598 1366 657 Varro
1398 640 1417 671 ,
1473 599 1713 664 Ovidius
1746 640 1764 668 ‚
1799 601 2120 661 Macrobius
2155 603 2256 664 lib.
2297 622 2345 664 1.

327 683 439 742 Sat.
853 727 860 734 .
1029 693 1034 696 ·
1470 687 1476 692 ’
1605 735 1611 744 ,
1816 679 1819 684 ²
2350 723 2357 729 .

321 757 356 768 ·’
403 762 498 812 Vos
513 755 798 835 pontifices]
840 755 1083 816 minores
1102 794 1118 821 ‚
1158 767 1401 828 quorum
1436 749 1494 810 in
1524 751 1763 830 collegio
1792 751 1988 814 Brutus
2018 754 2159 813 fuit:
2207 771 2349 817 nam

320 831 383 893 in
411 831 503 891 lib.
535 831 604 890 de
638 831 788 889 claris
820 844 955 886 orat.
988 831 1062 886 ita
1094 828 1342 904 loquitur
1375 848 1390 884 :
1434 829 1639 885 Audivi
1666 829 1936 904 Sulpicium
1959 830 2179 909 studiosi
2217 872 2237 897 ,
2280 848 2343 890 εν·

307 911 607 985 ,frequenter
637 906 810 971 Sami;
852 925 965 961 cum
997 925 1059 960 ex
1090 924 1141 960 eo
1160 946 1176 970 ,
1235 921 1297 960 us
1327 904 1551 975 nostrum
1575 904 1889 980 pontificium
1906 948 1924 978 ,
1963 927 2069 987 qua
2095 928 2164 965 ex
2185 918 2347 986 parte

323 1005 444 1045 cum
463 988 583 1059 jure
612 982 751 1036 civili
780 983 1106 1055 conjuni‘lum
1135 923 1244 1054 effelt
1263 1022 1281 1046 ,
1318 980 1498 1036 ‘vellem
1520 980 1660 1054 ftire.

403 1069 471 1116 In
504 1057 730 1136 Velabro]
769 1056 862 1114 hic
897 1056 1112 1132 videtur
1145 1054 1213 1118 de
1242 1053 1475 1114 secunda
1506 1059 1688 1130 potius
1722 1059 2017 1127 Larentia,
2055 1076 2235 1134 quam
2272 1057 2349 1122 de

326 1136 548 1218 priore,
587 1132 991 1208 accipiendum.
1022 1130 1152 1189 vide
1186 1131 1537 1189 Plutarchum
1567 1133 1624 1190 in
1658 1136 1927 1196 Romulo.
2114 1173 2123 1198 ,-

405 1210 768 1287 sempiternam
801 1203 1128 1286 memoriam]
1165 1206 1260 1265 ubi
1291 1208 1413 1264 sunt
1444 1250 1461 1276 ,
1499 1211 1595 1289 qui
1629 1209 1681 1272 se
1710 1210 1872 1272 libros
1904 1207 2193 1285 impressos
2226 1209 2342 1272 fine

277 1345 302 1364 l,
327 1286 660 1364 scriptorum
692 1303 802 1362 ope
836 1285 995 1342 facile
1024 1295 1219 1361 putant
1251 1281 1405 1358 posse
1439 1284 1711 1359 corrigere
1747 1287 1770 1344 ?
1809 1287 1967 1353 haec,
2008 1287 2134 1350 haec
2168 1285 2341 1348 nimi-

265 1369 272 1380 '
328 1371 457 1423 rum
485 1362 768 1427 temeritas
802 1362 916 1418 anti
960 1375 1161 1417 uorum
1196 1359 1386 1433 scripta
1406 1362 1630 1418 maculis
1646 1362 2133 1426 innumerabilibus
2152 1362 2337 1437 inqui-

330 1439 504 1499 navit.
537 1456 721 1516 neque
753 1453 890 1495 vero
959 1455 1056 1494 um
1090 1434 1387 1510 repressum
1421 1435 1494 1493 est
1522 1436 1634 1495 hoc
1666 1440 1876 1497 malum
1911 1481 1929 1507 ‚
1967 1437 2059 1498 sed
2094 1439 2151 1495 in
2188 1438 2337 1506 dies,

330 1530 396 1578 ut
431 1515 635 1584 vide0‚
677 1513 840 1593 serpit
873 1514 1059 1590 tnagis.
1091 1512 1146 1569 id
1180 1512 1323 1569 adeo
1358 1512 1419 1568 iis
1446 1512 1589 1572 libris
1609 1555 1626 1583 ‚
1666 1516 1764 1591 qui
1795 1513 2049 1592 quotidie
2078 1518 2339 1591 typogra⁴

373 1593 578 1649 horum
611 1588 961 1671 quorundam
982 1607 1050 1646 ex
1067 1588 1298 1645 officinis
1314 1587 1589 1662 prodeunt
1609 1632 1625 1657 ,
1661 1591 1905 1672 legendis
1920 1590 2185 1665 intelligo.
2222 1590 2337 1652 Hic,

331 1610 396 1728 iil
426 1668 633 1726 duabus
665 1665 897 1726 vocibus
928 1705 945 1733 ‚
971 1663 1331 1740 sempiternam
1362 1665 1657 1730 memoriam
1689 1709 1706 1735 ,
1760 1685 1854 1730 me
1886 1684 2122 1744 quoque
2152 1666 2335 1727 hacte-

333 1763 439 1804 nus
460 1787 475 1812 ,
506 1755 568 1800 ut
601 1744 841 1815 ingenue
875 1740 1138 1798 confitear
1157 1782 1173 1804 ,
1195 1757 1323 1797 cum
1360 1742 1553 1803 ceteris
1562 1753 1586 1812 ,‘
1625 1745 1800 1817 v'eoe'an
1826 1746 2081 1820 ἐκάλυψε
2108 1747 2337 1818 κέλησι,

334 1849 446 1891 nec
476 1828 760 1897 dubitavi,
799 1827 934 1910 quin
968 1826 1041 1888 ita
1070 1823 1220 1883 reue
1250 1824 1555 1899 legeretur*²
1595 1826 1748 1888 sensu
1764 1827 1883 1892 satis
1910 1839 2123 1902 aperte.
2153 1843 2334 1894 nunc,

335 1905 722 1978 asseffarionis
753 1904 892 1961 libro
925 1900 1231 1959 dietionem
1266 1944 1283 1970 ,
1335 1902 1627 1960 memoriam
1662 1920 1793 1960 cum
1824 1901 2075 1962 viderem
2112 1901 2279 1968 abeffe
2311 1922 2335 1970 3
2482 1875 2486 1944 ⁹

337 1982 597 2046 omissam
631 1983 869 2060 primurn
908 1979 1114 2044 incuria
1161 1978 1363 2036 librarii
1392 1980 1512 2038 sum
1546 1980 1801 2053 opinatus
1832 2001 1852 2048 3
1894 1979 2098 2038 deinde
2136 2022 2153 2048 ,
2208 1997 2327 2038 cum

337 2060 643 2124 accuratius
673 2058 925 2113 animum
960 2052 1307 2118 intendiflem
1329 2097 1345 2123 ‚
1362 2056 1567 2128 agnovi
1584 2056 1873 2118 veritatem
1892 2099 1908 2125 ‚
1929 2057 1987 2114 &
2004 2057 2293 2114 memoriam
2310 2096 2331 2124 ,

339 2134 616 2191 abundare
638 2176 654 2198 ,
693 2132 903 2204 prorsus
929 2130 1193 2204 judicavi.
1212 2129 1368 2204 quod
1393 2149 1423 2186 a
1441 2133 1667 2192 nemine
1687 2134 1864 2192 fuerat
1879 2131 2341 2190 animadversum.=

249 2274 256 2277 4
341 2211 403 2274 &
437 2208 509 2265 est
542 2206 908 2288 pulcherrima
941 2205 1222 2263 sententia.
1254 2204 1393 2273 ideo,
1432 2205 1647 2284 inquit,
1685 2209 1913 2278 decrevi,
1956 2209 2088 2269 utin
2104 2205 2330 2281 fastisad

339 2305 458 2343 eum
491 2284 620 2338 diem
639 2327 653 2351 ‚
695 2284 989 2359 quovzo‘tus
1020 2280 1129 2356 efflet
1160 2280 1230 2334 ad
1249 2282 1522 2338 Mutinam
1543 2285 1843 2355 Antonius,
1879 2286 2036 2346 Bruti
2051 2283 2331 2341 nomenati-
2483 2271 2486 2341 f

327 2361 630 2439 firiberetur
662 2381 679 2426 ;
721 2359 843 2436 quia
873 2373 1049 2413 notam
1077 2356 1161 2431 effe
1188 2357 1243 2412 in
1264 2358 1415 2429 fastis
1446 2359 1674 2427 volebam
1707 2405 1724 2429 ‚
1763 2383 1867 2443 qua
1898 2361 2170 2423 vitiorium
2198 2361 2330 2417 illam
2480 2376 2481 2381 ’

324 2438 530 2513 futuris
560 2437 715 2501 etiam
738 2434 964 2510 gentibus
1000 2434 1278 2506 testaretur.
1314 2449 1492 2491 notam
1510 2438 1661 2499 enim
1677 2437 1768 2495 hic
1783 2457 1884 2515 pro
1904 2437 2058 2511 figno
2077 2479 2094 2505 ,
2114 2444 2196 2495 'ac
2212 2453 2329 2497 mo-

341 2525 621 2581 numento
653 2510 899 2589 quodam
933 2511 1146 2583 accipio
1199 2509 1353 2588 quod
1389 2512 1584 2586 quibus
1618 2513 1902 2571 occultum
1936 2515 2043 2571 fuit
2063 2554 2079 2580 ,
2119 2513 2194 2581 ii,
2232 2531 2327 2568 me·-

341 2592 595 2663 moriam‚
636 2589 704 2647 de
733 2589 830 2646 suo
860 2586 1189 2655 intruserunt
1220 2628 1235 2653 ,
1279 2597 1341 2643 ut
1373 2586 1504 2657 e‘ffet
1534 2630 1550 2656 ‚
1591 2605 1767 2647 notam
1800 2590 2112 2655 memoriam.
2143 2586 2330 2646 confir-r
2390 2617 2399 2627 =

344 2680 465 2727 mat
501 2669 667 2740 igitur
695 2665 950 2722 nostram
970 2662 1377 2719 correctionem
1412 2665 1653 2738 primum
1682 2666 1802 2726 libri
1820 2666 1998 2749 scripti
2014 2664 2326 2730 auetoritaS,

343 2743 550 2801 deinde
581 2741 846 2799 sententia
864 2760 881 2804 3
924 2756 1091 2814 quam
1128 2755 1233 2811 ego
1270 2739 1328 2796 in
1360 2739 1465 2796 hac
1496 2741 1829 2804 emendandi
1862 2743 2079 2804 ratione
2100 2739 2322 2801 maxime

344 2821 500 2878 soleo
528 2817 768 2893 spestare
799 2837 816 2880 ;
859 2817 1136 2888 postremo
1170 2814 1400 2891 ipsemet
1436 2815 1637 2874 Cicero
1670 2860 1686 2885 ‚
1740 2819 1838 2893 qui
1885 2817 2080 2876 eadem
2131 2817 2198 2874 de
2240 2833 2322 2881 re,

343 2895 532 2971 paullo
561 2891 682 2966 post
701 2932 716 2957 ‚
755 2888 946 2946 iisdem
979 2893 1093 2959 fere
1121 2890 1299 2947 verbis
1331 2890 1450 2949 usus
1482 2891 1569 2949 est.
1608 2893 1775 2955 infert
1806 2894 1990 2955 enim:
2030 2894 2218 2966 exstare
2246 2911 2324 2949 ‘vo-2

346 2970 512 3031 lebam
537 2960 601 3021 'in
634 2964 975 3035 crudeliffimos
987 2967 1138 3037 hostes
1163 2983 1493 3033 monumenta
1526 2970 1622 3025 odii
1643 2970 1823 3044 publici
1841 2970 2160 3046 sempiterna.

426 3043 683 3121 ,Aquilam
712 3041 893 3118 etiam]
935 3058 1110 3099 unum
1145 3060 1212 3097 ex
1245 3042 1639 3116 percussoribus
1672 3044 1895 3113 Caesaris
1930 3089 1948 3116 ,
1978 3042 2087 3123 ‘qui
2115 3044 2327 3123 perierat

347 3120 406 3183 in
438 3121 637 3196 proelio
674 3116 991 3173 Mutinensi.
1024 3118 1152 3187 fam.
1187 3119 1218 3173 1.
1248 3139 1299 3174 x.
1337 3137 1420 3192 ep.
1456 3137 1543 3199 33.
2059 3115 2079 3155 s
2128 3126 2131 3129 ’

424 3194 768 3271 Aperiendum
800 3212 900 3248 non
928 3193 1072 3272 est‚]
1115 3192 1250 3268 quid
1277 3193 1576 3268 fignificat?
1615 3197 1726 3260 hoc
1756 3197 1958 3273 opinor
1986 3216 2005 3264 3
2048 3197 2177 3256 ideo
2205 3196 2255 3254 se
2281 3191 2341 3259 id,

347 3270 559 3334 senfiffe
593 3314 610 3338 ‚
664 3288 780 3345 non
815 3282 930 3327 tam
966 3281 1027 3324 ut
1056 3286 1157 3344 pro
1189 3270 1462 3327 beneficio
1492 3275 1723 3345 gratiam
1754 3276 1981 3331 referret
2013 3317 2029 3342 ‚
2085 3293 2249 3350 quam
2277 3280 2331 3333 ut

351 3348 694 3409 Oete-ivianus
728 3387 744 3413 ,
784 3346 1060 3401 ovationis
1093 3346 1310 3403 honore
1343 3346 1551 3405 illestus
1587 3392 1604 3417 ,
1646 3351 1701 3407 in
1733 3353 1923 3411 urbem
1960 3350 2163 3419 rediret
2194 3391 2209 3417 ,
2244 3347 2333 3415 sta-

348 3427 603 3504 nmque,
642 3433 705 3478 ut
735 3439 857 3482 mos
892 3432 1039 3489 erat,
1077 3420 1375 3502 imperium
1408 3424 1741 3497 deponeret:=
1784 3429 1971 3503 itaque
2008 3428 2125 3502 ejus
2144 3422 2335 3491 exerci-¹

350 3517 438 3565 tus
468 3501 537 3560 ad
564 3498 732 3557 alium
768 3498 1217 3554 transferrentur:
1261 3514 1389 3574 quae
1422 3497 1600 3558 fuiffet
1632 3503 1764 3575 reip.
1796 3504 2012 3560 summa
2044 3503 2245 3561 cautio.
2275 3498 2335 3555 ti·-

348 3578 622 3638 mendum
657 3574 805 3633 enim
840 3584 984 3641 erat,
1025 3573 1081 3629 id
1114 3574 1269 3647 quod
1302 3577 1522 3650 evenit,
1542 3595 1613 3637 ne
1649 3577 2026 3647 OftzrviunuS,
2047 3586 2177 3636 cum
2198 3592 2337 3635 exer-

349 3654 488 3715 eitus
515 3654 570 3711 in
602 3654 692 3709 sua
720 3650 984 3725 potestate
1015 3648 1239 3705 haberet
1276 3692 1292 3718 ‚
1331 3651 1399 3708 ad
1427 3653 1858 3728 persequendam
1893 3655 2057 3728 patris
2107 3666 2335 3712 mortem

348 3730 602 3794 animum
640 3736 1004 3783 converteret.
1034 3725 1145 3782 hoc
1179 3727 1253 3784 est
1271 3768 1291 3805 ξ
1330 3738 1392 3785 ut
1425 3729 1664 3805 opinor,
1702 3731 1758 3788 in
1791 3749 1907 3807 quo
1924 3731 1979 3789 se
2000 3731 2203 3790 Cicero
2222 3744 2339 3809 pro·

351 3802 547 3879 ,vidum
579 3800 735 3873 fuiss'e
767 3799 1043 3883 fignificat.
1474 3806 1477 3815 “
1818 3814 1827 3823 “
2231 3812 2237 3818 ’
2274 3816 2279 3823 ·

2240 3890 2339 3961 Hoc
