2514 4438
1304 95 1457 145 'r

394 241 399 246 ·
486 246 588 302 m
633 220 838 302 Lm.
888 216 1864 308 EmanM-meuuz-
2072 244 2214 324 υς
2275 175 2279 184 ⁴

267 333 388 424 Q
412 342 541 432 petit
570 385 594 414 ,
626 341 833 428 cujusve
864 339 999 398 ratio
1027 336 1295 396 habebitur
1312 378 1331 405 ,
1346 335 1391 422 J..
1414 338 1505 416 qui
1522 336 1653 415 petit
1686 378 1706 411 ,
1738 336 1832 414 ‘de
1859 339 2225 426 praestntibnss

180 420 270 486 est
290 420 318 481 τ’
347 441 555 497 cujusve
584 433 717 478 rano
746 401 1013 476 habebitur
1027 456 1048 483 ‚
1082 411 1154 474 de
1188 411 1510 473 absentibus.
2202 475 2205 478 ,

274 506 360 556 De
396 491 625 556 Domitio
643 537 666 566 ,
701 512 766 558 ω’
795 494 856 552 de
887 499 1084 558 Catone
1113 489 1305 636 ηὲἱνῶ]
1343 489 1517 549 altero
1532 487 1604 551 L.
1618 487 1869 552 Domitii
1889 496 2051 560 Ahen

178 574 290 644 bi,
330 576 506 633 altero
540 573 626 644 M.
661 570 893 631 Catonis
926 566 1137 627 Uticen
1291 582 1352 624 10
1387 607 1411 636 ,
1445 577 1534 630 utr-
1614 585 1687 628 ue
1719 566 2007 633 arffiffima
2035 585 2068 635 a
2138 575 2231 643 ἄν.
2315 579 2319 596 “

181 663 315 713 tate
343 649 580 710 Brutum
613 647 936 723 attingente.
964 661 1099 704 nam
1131 642 1267 704 duas
1293 639 1551 715 Porcias,
1581 665 1597 724 ᾗ
1648 643 1862 704 ticenfis
1877 646 2043 719 mins,
2080 652 2219 710 aite-

183 745 322 789 ram
351 723 758 787 Ahenobarbus
784 722 843 783 in
875 720 1240 782 matrimonio
1271 717 1577 789 habuerat,
1590 718 1818 786 aiteram
1835 719 2220 794 Bratushabe-

186 793 325 866 bat:
369 817 432 862 ut
464 800 776 862 etiamalio
806 799 939 866 loco
970 796 1229 883 diximus.
1650 863 1659 868 ,

275 878 500 959 Afiam]
541 896 659 937 non
678 918 695 945 ,
774 893 864 961 uae·
897 873 968 959 de
997 872 1329 960 tribus-orbis
1338 872 1579 952 panibus
1593 890 1702 935 una
1715 878 2217 954 numeratur‚fed,

194 974 336 1034 quae
408 954 656 1014 rovincia
689 971 721 1011 e
796 949 1015 1010 Ciliciae
1046 948 1298 1010 finitima.

251 1039 359 1089 ·Co
378 1031 537 1107 legam
562 1028 661 1107 fibi
677 1026 1019 1112 surrogafflq
1044 1025 1199 1085 locus
1231 1024 1417 1115 multis
1444 1024 1850 1094 diffiadtatibus
1880 1029 2231 1118 obstrudat}

197 1104 972 1262 eraserim&
1001 1103 1753 1265 sesemen&
1769 1123 2085 1259 {reme
2102 1121 2231 1250 tit

198 1262 458 1338 primum
489 1257 622 1319 illud
650 1269 890 1345 ponatur
907 1298 927 1326 ,
1019 1273 1306 1317 iceronem
1336 1250 1510 1313 Bruto
1541 1255 1841 1332 fignificare
1858 1302 1878 1328 ‚
1912 1274 1975 1324 ut
1992 1303 2009 1330 ,
2026 1261 2069 1321 fi
2085 1281 2231 1323 eun·-

199 1337 349 1396 dum
381 1335 477 1414 sibi
507 1335 692 1395 statuit
718 1334 779 1394 in
808 1331 1001 1402 Asiam
1019 1373 1038 1401 ,
1076 1329 1337 1392 decernat
1367 1341 1498 1390 ante
1526 1330 1597 1394 de
1620 1333 1829 1396 ‚Marco
1861 1334 1980 1398 filio
1995 1378 2014 1408 ‚
2032 1351 2233 1401 utrum

201 1414 350 1472 velit
381 1429 511 1471 eum
542 1410 615 1472 ad
643 1409 993 1470 sacerdotum
1023 1409 1254 1468 comitia
1285 1410 1537 1468 Romam.
1569 1410 1761 1469 venire
1794 1451 1812 1480 ,
1867 1412 2231 1488 praesentenh

206 1506 328 1567 que
359 1500 584 1566 petere3
626 1506 698 1549 an
731 1488 789 1546 in
821 1481 1014 1546 Afiam
1045 1501 1156 1543 una
1186 1483 1475 1561 proficisci.
1504 1502 1627 1561 quo
1658 1483 1698 1556 fi
1715 1487 2087 1562 proficiscatur
2102 1532 2122 1559 ,
2139 1492 2231 1552 jn.

206 1564 523 1633 commoda
551 1562 854 1643 sequuntur
885 1560 990 1636 illa.
1027 1561 1272 1637 primum
1292 1604 1311 1631 ‚
1352 1555 1393 1619 fi
1422 1561 1695 1626 accersere
1727 1577 1856 1628 eum
1889 1564 1961 1624 ad
1991 1568 2233 1642 comitia

83 1657 90 1660 ⁷
204 1642 560 1702 voluerimus
591 1681 611 1710 ‚
662 1641 994 1702 facultatem.
1005 1638 1173 1698 nobis
1205 1655 1441 1698 omnem
1468 1639 1689 1697 'auferet
1719 1639 1977 1701 locorum
2007 1644 2237 1720 longiu-

254 1718 410 1778 uitas.
449 1718 530 1778 fin
548 1762 566 1788 ,
603 1729 667 1776 ut
698 1716 884 1777 absens
910 1726 1063 1791 petat
1080 1755 1102 1784 ,
1137 1715 1399 1791 placebit:
1439 1713 1656 1775 infirma
1688 1715 1779 1791 spe
1796 1718 2072 1779 nitemur:
2092 1738 2234 1786 cum

299 1807 323 1853 t
356 1796 553 1854 omnia
586 1793 938 1869 praesentibus
969 1791 1215 1851 faciliora
1232 1832 1250 1862 ,
1292 1808 1463 1868 quam
1495 1792 1818 1854 absentibus,
1891 1795 2132 1855 Accedit
2158 1800 2229 1859 il-

206 1871 310 1932 lud
329 1914 348 1941 ‚
385 1889 503 1950 quo
537 1870 784 1930 maxime
816 1869 1021 1928 Cicero
1054 1867 1436 1944 perturbatur,
1473 1869 1604 1944 quia
1621 1910 1640 1937 ,
1679 1869 1905 1945 quando
1926 1871 2119 1931 ‘futura
2148 1873 2237 1934 sa-

215 1948 519 2008 cerdotum
548 1947 780 2007 comitia
808 1944 910 2004 sint
943 1986 962 2013 ‚
1001 1943 1235 2019 ignorat.
1269 1960 1404 2003 nam
1437 1960 1571 2004 cum
1602 1961 1668 2003 ea
1694 1963 1817 2004 non
1842 1945 1945 2005 nifi
1972 1965 2007 2007 a
2032 1951 2234 2010 consu..

211 2022 358 2084 libus
376 2067 393 2094 ‚
432 2036 527 2082 aut
557 2025 625 2083 ab
652 2025 927 2097 interrege
947 2063 964 2090 ‚
1004 2031 1100 2080 aut
1130 2036 1163 2079 a
1193 2017 1471 2097 pontifice
1489 2022 1746 2081 maximo
1772 2022 1960 2082 haberi
1990 2025 2191 2099 poffint
2206 2049 2237 2096 3

219 2098 472 2162 consules
502 2117 671 2187 porro
702 2100 814 2159 hoc
844 2110 961 2157 tem
1003 2114 1102 2174 ore
1131 2097 1267 2156 nulli
1299 2094 1401 2156 fint
1417 2119 1440 2163 ;
1477 2097 1718 2157 interrex
1749 2100 1921 2158 creari
1953 2118 2071 2159 non
2102 2103 2232 2179 pos-

215 2177 321 2248 fit3
361 2177 616 2255 pontifex
653 2176 951 2237 maximus.
1033 2218 1045 2232 .
1081 2173 1328 2250 Lepidus
1359 2174 1430 2233 ab
1457 2174 1758 2247 urbe,absit
1794 2196 1808 2234 ε
1850 2176 2090 2255 sequitur
2110 2222 2133 2250 ,
2164 2191 2235 2241 ut

222 2254 296 2315 de
331 2255 696 2315 comitiorum
729 2253 952 2313 illorum
983 2250 1072 2310 die
1102 2249 1316 2327 prorsus
1344 2252 1553 2311 incerta
1586 2253 1907 2329 conjectura
1943 2253 2023 2314 fit.
2054 2276 2237 2334 quam

222 2332 301 2391 ob
332 2328 573 2391 cauffam
606 2331 677 2392 de
706 2328 822 2388 filio
852 2327 1183 2388 accersendo
1213 2326 1541 2389 constituere
1568 2347 1689 2390 non
1718 2333 1911 2406 potest.
1936 2332 2127 2410 itaq-ue
2140 2346 2239 2394 to-

221 2419 347 2470 tam
374 2426 498 2469 rem
528 2406 600 2466 ad
632 2406 785 2466 Bruti
817 2404 1107 2466 confilium
1138 2420 1204 2465 ac
1234 2404 1586 2479 prudentiam
1619 2406 1811 2482 rejicit.
1848 2409 2027 2482 Quod
2039 2422 2241 2473 autem.

225 2484 381 2553 dixi,
419 2484 652 2550 comitia
683 2482 1031 2542 sacerdotum
1067 2480 1189 2538 solis
1220 2478 1533 2539 consulibus
1555 2481 1758 2541 habere
1789 2482 2044 2554 licuisse,
2081 2499 2176 2545 aut
2209 2531 2231 2558 ,

226 2562 271 2622 fi
304 2560 550 2620 consules
583 2578 703 2621 non
736 2555 908 2618 effent
941 2600 958 2626 ,
1011 2556 1273 2631 interregi
1302 2577 1321 2624 3
1359 2556 1621 2631 probatur
1649 2558 1762 2617 hoc
1795 2560 1992 2620 modo.
2064 2560 2243 2625 Pansa

227 2639 368 2698 vivo
385 2679 404 2706 ,
442 2640 705 2700 celeriora
736 2636 931 2697 omnia
960 2631 1210 2694 fuiffent:
1249 2644 1485 2693 mortuo
1510 2676 1530 2703 ,
1568 2634 1819 2694 futurum
1853 2677 1872 2705 ,
1908 2648 1973 2696 ut
1995 2637 2238 2704 tardiora

228 2715 370 2785 fint,
408 2715 614 2775 Cicero
643 2713 813 2774 videt.
846 2729 945 2773 cur
973 2707 1257 2769 tardiora?
1294 2709 1563 2777 nimirum
1577 2712 1711 2788 quia
1725 2729 1856 2789 quae
1910 2715 2104 2774 otestas
2122 2717 2236 2775 sur-

228 2789 608 2869 rogandorum
636 2788 987 2861 sacerdotum
1016 2803 1184 2862 penes
1216 2785 1463 2873 consules
1493 2800 1609 2847 erat
1639 2830 1658 2857 ,
1696 2807 1762 2849 ea
1793 2830 1812 2856 ,
1871 2790 2061 2850 ublatis
2095 2809 2267 2859 con-a,

227 2866 425 2933 sulibus
441 2910 462 2941 ,
498 2867 568 2927 ad
600 2886 696 2928 eos
717 2862 1063 2942 ‘magistratus
1079 2904 1097 2932 ,
1134 2879 1247 2949 qui·
1263 2862 1611 2938 supererant,
1648 2882 1767 2925 non
1784 2869 2239 2945 transferebatur.

229 2946 344 3005 hoc
375 2948 453 3004 ita
485 2943 591 3004 effe
610 2987 627 3014 ,
665 2944 787 3005 satis
806 2987 823 3014 ,
863 2952 926 2998 ut
956 2940 1161 3015 opinor
1176 2981 1193 3008 ,
1232 2939 1320 2998 ilia
1336 2941 1505 3001 verba
1519 2939 1831 3002 declarant:
1872 2954 2027 3003 Num
2033 2959 2123 3022 per
2133 2966 2239 3004 au-

218 3022 269 3100 s
283 3023 380 3080 ‘m'a
411 3022 615 3098 tongam
644 3040 846 3081 moram
878 3017 1036 3075 video.
1116 3015 1268 3075 Cum
1285 3016 1450 3090 igitur
1468 3059 1487 3086 ,
1524 3031 1725 3094 praeter
1740 3021 2023 3092 consules,
2059 3036 2239 3080 exor-

275 3099 285 3109 '
329 3098 454 3157 ariis
469 3098 877 3174 'magistratibus
908 3093 1111 3155 habere
1141 3091 1491 3161 sacerdotum
1523 3096 1754 3155 comitia
1799 3096 1976 3161 nullus
2021 3096 2198 3173 poss‘et
2216 3117 2239 3160 :-

233 3174 411 3234 fimile
443 3175 564 3234 veri
595 3173 669 3233 est
699 3216 718 3243 ,
770 3173 838 3231 ab
885 3171 1158 3244 interrege
1187 3168 1377 3230 haberi
1407 3170 1483 3231 ob
1513 3188 1641 3232 eam
1675 3168 1907 3232 cauffam
1942 3173 2179 3250 potuisse
2212 3218 2241 3247 ,
2296 3184 2304 3189 ’

270 3250 389 3310 uod
419 3254 658 3310 interrex
692 3249 898 3309 eodem
918 3264 1069 3323 ,quo
1101 3246 1385 3317 consuleS,
1392 3248 1518 3323 jure
1536 3245 1699 3315 effet;
1722 3260 1918 3324 utpote
1973 3252 2239 3317 uictean-

289 3347 313 3386 s
344 3328 655 3389 consulibus
682 3327 886 3386 habere
916 3323 1148 3387 comitia
1161 3320 1635 3399 pofl'et.praetores
1651 3333 1890 3391 auteme
1969 3347 2058 3388 em
2078 3369 2100 3397 ‚
2116 3347 2237 3406 quo

233 3404 483 3465 consules
502 3447 521 3474 ,
552 3404 681 3480 jure
707 3421 827 3463 non
858 3412 1029 3463 erant.
1058 3416 1190 3458 nam
1209 3441 1228 3466 ,
1266 3401 1522 3476 quamvis
1537 3401 1769 3476 collega
1782 3405 2069 3464 consulum
2085 3405 2241 3464 dice,

230 3493 424 3540 rentur
444 3524 461 3549 ,
500 3480 739 3539 minime
771 3492 961 3539 tamen
990 3475 1290 3535 consularia
1324 3478 1555 3539 comitia
1573 3521 1590 3547 ‚
1628 3496 1692 3538 ac
1722 3496 1792 3537 ne
1825 3482 2085 3567 praetoria
2111 3481 2245 3557 qui·
2276 3515 2284 3520 -

231 3556 367 3627 dem
386 3599 404 3629 ,
442 3557 646 3616 habere
674 3566 946 3633 poterant.
978 3551 1136 3630 quod
1160 3570 1192 3610 a
1219 3552 1465 3616 Messalla
1491 3555 1557 3617 in
1581 3555 1720 3614 libro
1752 3554 1823 3614 de
1853 3558 2099 3631 auspiciis
2130 3570 2242 3625 tra..

236 3632 421 3694 ditum
442 3676 459 3702 ,
498 3633 928 3694 observavimus.
958 3630 1144 3705 longae
1175 3629 1340 3705 igitur
1369 3650 1549 3692 morae
1570 3673 1586 3699 ‚
1623 3638 1792 3708 quain
1813 3632 2014 3690 Cicero
2046 3634 2235 3707 timet,

234 3709 365 3773 haec
396 3711 471 3772 est
497 3708 673 3770 cauffa
705 3733 723 3778 ;
764 3708 921 3787 quod
952 3748 970 3777 ‚
1009 3705 1263 3766 extinffis
1295 3709 1599 3768 consulibus
1630 3749 1649 3776 ,
1686 3725 1871 3782 neque
1904 3710 2241 3784 magistratus

235 3796 373 3863 tunc
402 3799 556 3863 erat,
575 3788 693 3871 qui
721 3784 1028 3872 sacerdotes
1057 3783 1299 3923 comit&
1330 3794 1527 3862 rogare
1553 3781 1728 3863 posset
1741 3806 1771 3856 3-
1784 3786 1844 3845 δι
1858 3784 2099 3849 interrex
2111 3798 2241 3846 toto

1325 3879 1356 3938 ς
2087 3879 2241 3929 anno

2016 4092 2047 4111 εκ
