2514 4438
318 1520 1159 1652 QUINTUM
1230 1482 2026 1638 FRATREM

593 1763 1064 1878 LIBER
1159 1765 1750 1842 PRIMUS.

669 2011 1517 2153 EPISTOLA
1612 2079 1671 2155 1.
1894 2184 1897 2185 7

451 2232 970 2310 'MARcus
1035 2237 1146 2344 Q
1199 2244 1733 2339 Fam-nr,
1794 2250 1865 2327 S.

733 2414 775 2502 ’ἢ
819 2400 891 2470 Τ
913 2428 939 2472 s
959 2430 981 2472 1
1001 2425 1142 2477 non
1157 2404 1543 2480 dubitabam
1562 2408 1732 2507 quin
1752 2409 1921 2483 hanc
1934 2411 2184 2511 episto-2

851 2500 977 2570 lam
1009 2503 1208 2577 multi
1226 2507 1485 2597 nuntii,
1531 2509 1702 2579 fama
1718 2508 2179 2606 deniqueeflet

614 2637 636 2645 —
659 2598 777 2705 ⁵²⁴3,
843 2600 971 2697 ipsa
1002 2602 1114 2674 sua
1140 2604 1470 2676 celeritate
1505 2606 1919 2701 superatura,
1965 2628 2181 2705 tuque

841 2703 991 2771 ante
1026 2699 1110 2772 ab
1124 2701 1266 2773 aliis
1292 2703 1643 2775 auditurus
1674 2702 1873 2795 εΠέε,
1920 2729 2178 2788 annum

525 2884 532 2892 Ι
849 2801 1119 2872 tertium
1148 2799 1471 2875 acceffiffe
1494 2800 1820 2876 desiderio
1851 2806 2083 2878 nostro
2099 2809 2176 2881 δε

158 2897 371 2974 laboti
416 2923 575 2991 tuo,
623 2924 844 2977 tamen
888 2897 1263 2975 existimavi
1310 2927 1350 2973 a
1398 2926 1510 2973 me
1560 2906 1836 3001 quoque
1886 2904 2011 2977 tibi
2042 2908 2174 2980 hu-

147 2998 245 3095 jus
294 3001 628 3074 molestiae
676 2997 996 3075 nuntium
1045 2997 1322 3094 perferri
1370 3020 1697 3097 oportere.
1796 3002 1989 3080 Nam
2056 3005 2172 3080 su-

150 3098 527 3193 perioribus
579 3101 848 3189 litteris,
896 3120 1037 3175 non
1087 3096 1245 3169 unis
1288 3098 1397 3171 sed
1446 3097 1754 3197 pluribus
1772 3157 1795 3192 ,
1845 3099 2005 3187 cum
2028 3107 2173 3204 jam

145 3195 227 3267 ab
270 3197 421 3270 aliis
469 3199 800 3295 desperata
849 3221 951 3268 res
998 3193 1192 3285 estet,
1239 3215 1462 3269 tamen
1492 3221 1625 3296 ego
1656 3197 1782 3271 tibi
1813 3203 1996 3298 spem
2026 3228 2173 3277 rna·

150 3312 311 3367 turae
357 3296 752 3371 deceffionis
798 3290 1187 3384 afferebam,
1236 3319 1382 3369 non
1416 3295 1634 3369 solum
1668 3316 1746 3370 ut
1780 3299 1987 3398 quam
2017 3301 2171 3375 diu-

146 3392 380 3468 tiffime
429 3416 502 3469 te
540 3396 844 3496 jucunda
890 3390 1211 3491 opinione
1257 3393 1662 3468 obleetarem
1711 3452 1734 3486 ,
1813 3397 1923 3497 fied
1970 3400 2171 3471 etiam

140 3493 292 3590 quia
357 3513 545 3567 tanta
603 3490 1041 3567 adhibebatur
1089 3491 1165 3563 &
1210 3490 1252 3565 a
1300 3492 1495 3566 nobis
1543 3494 1618 3567 &
1666 3492 1705 3567 a
1754 3495 2168 3573 Praetoribus

139 3594 491 3666 contentio
537 3651 560 3687 ,
639 3612 717 3666 ut
785 3616 926 3670 rem
996 3589 1182 3688 poffe
1241 3592 1492 3665 confici
1561 3617 1704 3664 non
1772 3592 2166 3666 diffiderem.

137 3687 360 3767 Nunc
411 3691 741 3793 quoniam
788 3690 877 3765 ita
923 3688 1162 3763 accidit
1191 3746 1213 3780 ‚
1275 3710 1356 3763 ut
1404 3715 1622 3788 neque
1669 3709 1984 3787 praetores
2033 3688 2167 3773 suis

133 3788 378 3892 opibus
394 3848 418 3886 ,
471 3816 694 3899 neque
740 3816 866 3871 nos
915 3786 1146 3870 nostro
1194 3788 1421 3968 ἢᾹιάὶο
1467 3788 1842 3896 quidquam
1875 3788 2167 3897 profice,-

2151 4135 2248 4208 ,τ’
