<?xml version="1.0" encoding="UTF-8"?>
<!DOCTYPE html PUBLIC "-//W3C//DTD XHTML 1.0 Transitional//EN"
    "http://www.w3.org/TR/xhtml1/DTD/xhtml1-transitional.dtd">
<html xmlns="http://www.w3.org/1999/xhtml" xml:lang="en" lang="en">
 <head>
  <title>
</title>
<meta http-equiv="Content-Type" content="text/html;charset=utf-8" />
  <meta name='ocr-system' content='tesseract 3.04.00' />
  <meta name='ocr-capabilities' content='ocr_page ocr_carea ocr_par ocr_line ocrx_word'/>
</head>
<body>
  <div class='ocr_page' id='page_1' title='image "./epistolarumadqu00cicegoog_0216.png"; bbox 0 0 2514 4438; ppageno 0'>
   <div class='ocr_carea' id='block_1_1' title="bbox 236 220 2350 3920">
    <p class='ocr_par' dir='ltr' id='par_1_1' title="bbox 278 220 2121 321">
     <span class='ocr_line' id='line_1_1' title="bbox 278 220 2121 321; baseline -0.01 -9"><span class='ocrx_word' id='word_1_1' title='bbox 278 256 373 311; x_wconf 70' lang='lat' dir='ltr'><strong>n.</strong></span> <span class='ocrx_word' id='word_1_2' title='bbox 538 220 1531 321; x_wconf 56' lang='lat' dir='ltr'><strong>PA‘u&#39;t...MAi5‘ufr.:Coi.i</strong></span> <span class='ocrx_word' id='word_1_3' title='bbox 1555 224 2121 298; x_wconf 63' lang='lat' dir='ltr'><strong>Miss‘NTARLus</strong></span> 
     </span>
    </p>

    <p class='ocr_par' dir='ltr' id='par_1_2' title="bbox 276 344 2350 575">
     <span class='ocr_line' id='line_1_2' title="bbox 352 344 2316 481; baseline -0.004 -74"><span class='ocrx_word' id='word_1_4' title='bbox 352 350 454 408; x_wconf 84' lang='lat' dir='ltr'><strong>Sub</strong></span> <span class='ocrx_word' id='word_1_5' title='bbox 481 351 578 407; x_wconf 85' lang='lat' dir='ltr'><strong>dies</strong></span> <span class='ocrx_word' id='word_1_6' title='bbox 591 351 769 428; x_wconf 63' lang='lat' dir='ltr'><strong>festos]</strong></span> <span class='ocrx_word' id='word_1_7' title='bbox 824 365 856 405; x_wconf 91' lang='lat' dir='ltr'><strong>a</strong></span> <span class='ocrx_word' id='word_1_8' title='bbox 888 365 992 406; x_wconf 84' lang='lat' dir='ltr'><strong>xvi</strong></span> <span class='ocrx_word' id='word_1_9' title='bbox 1007 366 1054 405; x_wconf 89' lang='lat'><strong>1.</strong></span> <span class='ocrx_word' id='word_1_10' title='bbox 1085 346 1207 405; x_wconf 90' lang='lat' dir='ltr'><strong>Kal.</strong></span> <span class='ocrx_word' id='word_1_11' title='bbox 1237 345 1483 418; x_wconf 85' lang='lat' dir='ltr'><strong>Januarii</strong></span> <span class='ocrx_word' id='word_1_12' title='bbox 1517 344 1587 403; x_wconf 88' lang='lat' dir='ltr'><strong>ad</strong></span> <span class='ocrx_word' id='word_1_13' title='bbox 1619 346 1791 481; x_wconf 49' lang='lat' dir='ltr'><strong>usafflue</strong></span> <span class='ocrx_word' id='word_1_14' title='bbox 1822 344 1938 403; x_wconf 84' lang='lat' dir='ltr'><strong>fere</strong></span> <span class='ocrx_word' id='word_1_15' title='bbox 1970 351 2316 425; x_wconf 52' lang='lat' dir='ltr'><strong>entremum</strong></span> 
     </span>
     <span class='ocr_line' id='line_1_3' title="bbox 276 416 2318 501; baseline -0.004 -14"><span class='ocrx_word' id='word_1_16' title='bbox 276 427 529 487; x_wconf 89' lang='lat' dir='ltr'><strong>mensem</strong></span> <span class='ocrx_word' id='word_1_17' title='bbox 580 425 696 484; x_wconf 91' lang='lat' dir='ltr'><strong>dies</strong></span> <span class='ocrx_word' id='word_1_18' title='bbox 722 432 900 484; x_wconf 78' lang='lat' dir='ltr'><strong>&#39;erant</strong></span> <span class='ocrx_word' id='word_1_19' title='bbox 950 423 1070 483; x_wconf 86' lang='lat' dir='ltr'><strong>festi</strong></span> <span class='ocrx_word' id='word_1_20' title='bbox 1101 465 1121 492; x_wconf 91' lang='lat'><strong>,</strong></span> <span class='ocrx_word' id='word_1_21' title='bbox 1161 421 1522 501; x_wconf 63' lang='lat' dir='ltr'><strong>Saturnalla‘,</strong></span> <span class='ocrx_word' id='word_1_22' title='bbox 1545 422 1659 497; x_wconf 77' lang='lat' dir='ltr'><strong>&#39;Op</strong></span> <span class='ocrx_word' id='word_1_23' title='bbox 1718 421 1764 479; x_wconf 85' lang='lat' dir='ltr'><strong>‘a</strong></span> <span class='ocrx_word' id='word_1_24' title='bbox 1799 462 1817 491; x_wconf 92' lang='lat'><strong>,</strong></span> <span class='ocrx_word' id='word_1_25' title='bbox 1854 416 2250 499; x_wconf 61' lang='lat' dir='ltr'><strong>An&#39;geroihlia</strong></span> <span class='ocrx_word' id='word_1_26' title='bbox 2289 455 2318 490; x_wconf 83' lang='lat'><strong>,</strong></span> 
     </span>
     <span class='ocr_line' id='line_1_4' title="bbox 280 500 2350 575; baseline -0.006 -13"><span class='ocrx_word' id='word_1_27' title='bbox 280 502 652 562; x_wconf 82' lang='lat' dir='ltr'><strong>Larentinalia</strong></span> <span class='ocrx_word' id='word_1_28' title='bbox 670 544 687 570; x_wconf 91' lang='lat'><strong>,</strong></span> <span class='ocrx_word' id='word_1_29' title='bbox 724 501 1032 575; x_wconf 78' lang='lat' dir='ltr'><strong>Juvenalia.</strong></span> <span class='ocrx_word' id='word_1_30' title='bbox 1289 500 1306 513; x_wconf 76' lang='lat'><em>&#39;</em></span> <span class='ocrx_word' id='word_1_31' title='bbox 1619 548 1628 553; x_wconf 85' lang='lat'><em>-</em></span> <span class='ocrx_word' id='word_1_32' title='bbox 2031 506 2070 555; x_wconf 79' lang='grc'><strong>,“</strong></span> <span class='ocrx_word' id='word_1_33' title='bbox 2126 516 2138 563; x_wconf 61' lang='grc' dir='ltr'><strong>ξ</strong></span> <span class='ocrx_word' id='word_1_34' title='bbox 2341 517 2350 523; x_wconf 91' lang='lat'><strong>·</strong></span> 
     </span>
    </p>

    <p class='ocr_par' dir='ltr' id='par_1_3' title="bbox 278 569 2318 730">
     <span class='ocr_line' id='line_1_5' title="bbox 354 569 2318 655; baseline -0.002 -19"><span class='ocrx_word' id='word_1_35' title='bbox 354 588 475 636; x_wconf 80' lang='lat' dir='ltr'><strong>Duo</strong></span> <span class='ocrx_word' id='word_1_36' title='bbox 504 577 717 655; x_wconf 82' lang='lat' dir='ltr'><strong>consules</strong></span> <span class='ocrx_word' id='word_1_37' title='bbox 748 572 989 654; x_wconf 75' lang='lat' dir='ltr'><strong>designati</strong></span> <span class='ocrx_word' id='word_1_38' title='bbox 1005 576 1066 652; x_wconf 90' lang='lat'><strong>,]</strong></span> <span class='ocrx_word' id='word_1_39' title='bbox 1108 575 1213 632; x_wconf 90' lang='lat' dir='ltr'><strong>Cn.</strong></span> <span class='ocrx_word' id='word_1_40' title='bbox 1248 573 1541 641; x_wconf 71' lang='lat' dir='ltr'><strong>Cornelius</strong></span> <span class='ocrx_word' id='word_1_41' title='bbox 1576 569 1850 639; x_wconf 78' lang='lat' dir='ltr'><strong>Lentulus</strong></span> <span class='ocrx_word' id='word_1_42' title='bbox 1881 572 2254 635; x_wconf 79' lang='lat' dir='ltr'><strong>Marcellinus</strong></span> <span class='ocrx_word' id='word_1_43' title='bbox 2291 615 2318 644; x_wconf 85' lang='lat'>‚</span> 
     </span>
     <span class='ocr_line' id='line_1_6' title="bbox 278 650 2232 730; baseline -0.005 -17"><span class='ocrx_word' id='word_1_44' title='bbox 278 656 352 713; x_wconf 99' lang='lat' dir='ltr'><strong>L.</strong></span> <span class='ocrx_word' id='word_1_45' title='bbox 385 657 621 714; x_wconf 85' lang='lat' dir='ltr'><strong>Martius</strong></span> <span class='ocrx_word' id='word_1_46' title='bbox 652 654 967 729; x_wconf 83' lang='lat' dir='ltr'>Philippus:</span> <span class='ocrx_word' id='word_1_47' title='bbox 1008 669 1150 730; x_wconf 89' lang='lat' dir='ltr'><strong>quos</strong></span> <span class='ocrx_word' id='word_1_48' title='bbox 1181 650 1466 721; x_wconf 73' lang='lat' dir='ltr'><strong>immiscet·</strong></span> <span class='ocrx_word' id='word_1_49' title='bbox 1488 650 1872 711; x_wconf 64' lang='lat' dir='ltr'><strong>consularibus.</strong></span> <span class='ocrx_word' id='word_1_50' title='bbox 2137 712 2144 721; x_wconf 40' lang='lat'><strong>,</strong></span> <span class='ocrx_word' id='word_1_51' title='bbox 2220 686 2232 695; x_wconf 83' lang='lat'><em>-</em></span> 
     </span>
    </p>

    <p class='ocr_par' dir='ltr' id='par_1_4' title="bbox 236 721 2319 880">
     <span class='ocr_line' id='line_1_7' title="bbox 236 721 2319 805; baseline -0.003 -16"><span class='ocrx_word' id='word_1_52' title='bbox 236 798 241 799; x_wconf 14' lang='lat' dir='ltr'><em>ff</em></span> <span class='ocrx_word' id='word_1_53' title='bbox 357 741 418 790; x_wconf 87' lang='lat' dir='ltr'><strong>P.</strong></span> <span class='ocrx_word' id='word_1_54' title='bbox 452 732 727 799; x_wconf 84' lang='lat' dir='ltr'><strong>Servilius,</strong></span> <span class='ocrx_word' id='word_1_55' title='bbox 814 729 1072 805; x_wconf 70' lang='lat' dir='ltr'><strong>Isaurigus</strong></span> <span class='ocrx_word' id='word_1_56' title='bbox 1092 769 1109 795; x_wconf 95' lang='lat'><strong>,</strong></span> <span class='ocrx_word' id='word_1_57' title='bbox 1148 737 1304 802; x_wconf 85' lang='lat' dir='ltr'><strong>pater</strong></span> <span class='ocrx_word' id='word_1_58' title='bbox 1338 727 1455 803; x_wconf 85' lang='lat' dir='ltr'><strong>ejus</strong></span> <span class='ocrx_word' id='word_1_59' title='bbox 1488 721 1589 805; x_wconf 84' lang='lat' dir='ltr'><strong>qui</strong></span> <span class='ocrx_word' id='word_1_60' title='bbox 1618 727 1809 787; x_wconf 88' lang='lat' dir='ltr'><strong>consul</strong></span> <span class='ocrx_word' id='word_1_61' title='bbox 1825 742 2040 786; x_wconf 83' lang='lat' dir='ltr'><strong>novem</strong></span> <span class='ocrx_word' id='word_1_62' title='bbox 2058 724 2182 801; x_wconf 85' lang='lat' dir='ltr'><strong>post</strong></span> <span class='ocrx_word' id='word_1_63' title='bbox 2199 743 2319 784; x_wconf 86' lang='lat' dir='ltr'><strong>an-</strong></span> 
     </span>
     <span class='ocr_line' id='line_1_8' title="bbox 278 805 1165 880; baseline -0.007 -14"><span class='ocrx_word' id='word_1_64' title='bbox 278 809 364 867; x_wconf 89' lang='lat' dir='ltr'><strong>nis</strong></span> <span class='ocrx_word' id='word_1_65' title='bbox 399 809 506 868; x_wconf 91' lang='lat' dir='ltr'><strong>fuit</strong></span> <span class='ocrx_word' id='word_1_66' title='bbox 539 825 670 866; x_wconf 90' lang='lat' dir='ltr'><strong>cum</strong></span> <span class='ocrx_word' id='word_1_67' title='bbox 759 845 770 862; x_wconf 82' lang='grc'><strong>.</strong></span> <span class='ocrx_word' id='word_1_68' title='bbox 806 805 1035 880; x_wconf 64' lang='lat' dir='ltr'><strong>Caesare.</strong></span> <span class='ocrx_word' id='word_1_69' title='bbox 1160 872 1165 877; x_wconf 48' lang='lat'><strong>.</strong></span> 
     </span>
    </p>

    <p class='ocr_par' dir='ltr' id='par_1_5' title="bbox 281 874 2320 2023">
     <span class='ocr_line' id='line_1_9' title="bbox 360 874 2317 956; baseline -0.003 -14"><span class='ocrx_word' id='word_1_70' title='bbox 360 894 443 942; x_wconf 90' lang='lat' dir='ltr'><strong>M.</strong></span> <span class='ocrx_word' id='word_1_71' title='bbox 478 882 750 951; x_wconf 79' lang='lat' dir='ltr'><em>Lucullus,</em></span> <span class='ocrx_word' id='word_1_72' title='bbox 838 882 1003 938; x_wconf 87' lang='lat' dir='ltr'><strong>frater</strong></span> <span class='ocrx_word' id='word_1_73' title='bbox 1020 922 1038 948; x_wconf 94' lang='lat'><strong>,</strong></span> <span class='ocrx_word' id='word_1_74' title='bbox 1076 891 1196 937; x_wconf 89' lang='lat' dir='ltr'><strong>non</strong></span> <span class='ocrx_word' id='word_1_75' title='bbox 1227 898 1525 956; x_wconf 80' lang='lat' dir='ltr'><strong>germanus</strong></span> <span class='ocrx_word' id='word_1_76' title='bbox 1556 874 1649 938; x_wconf 83' lang='lat' dir='ltr'><strong>sed</strong></span> <span class='ocrx_word' id='word_1_77' title='bbox 1685 878 2045 937; x_wconf 89' lang='lat' dir='ltr'><strong>consobrinus</strong></span> <span class='ocrx_word' id='word_1_78' title='bbox 2065 918 2083 946; x_wconf 89' lang='lat'><strong>,</strong></span> <span class='ocrx_word' id='word_1_79' title='bbox 2120 888 2189 934; x_wconf 89' lang='lat' dir='ltr'><strong>ut</strong></span> <span class='ocrx_word' id='word_1_80' title='bbox 2228 879 2317 936; x_wconf 89' lang='lat' dir='ltr'><strong>ait</strong></span> 
     </span>
     <span class='ocr_line' id='line_1_10' title="bbox 283 952 2318 1035; baseline -0.003 -16"><span class='ocrx_word' id='word_1_81' title='bbox 283 961 587 1035; x_wconf 77' lang='lat' dir='ltr'><strong>Eutropius</strong></span> <span class='ocrx_word' id='word_1_82' title='bbox 606 1001 622 1026; x_wconf 93' lang='lat'>‚</span> <span class='ocrx_word' id='word_1_83' title='bbox 665 959 733 1014; x_wconf 89' lang='lat' dir='ltr'><strong>L.</strong></span> <span class='ocrx_word' id='word_1_84' title='bbox 822 957 976 1014; x_wconf 90' lang='lat' dir='ltr'><strong>icinii</strong></span> <span class='ocrx_word' id='word_1_85' title='bbox 1009 956 1232 1014; x_wconf 75' lang='lat' dir='ltr'><strong>Luculli</strong></span> <span class='ocrx_word' id='word_1_86' title='bbox 1252 998 1270 1024; x_wconf 92' lang='lat'><strong>,</strong></span> <span class='ocrx_word' id='word_1_87' title='bbox 1309 958 1408 1034; x_wconf 89' lang='lat' dir='ltr'><strong>qui</strong></span> <span class='ocrx_word' id='word_1_88' title='bbox 1442 954 1831 1015; x_wconf 82' lang='lat' dir='ltr'><strong>Mithridatem</strong></span> <span class='ocrx_word' id='word_1_89' title='bbox 1866 952 2318 1031; x_wconf 67' lang='lat' dir='ltr'><strong>Tigranemque</strong></span> 
     </span>
     <span class='ocr_line' id='line_1_11' title="bbox 281 1030 2316 1110; baseline -0.003 -15"><span class='ocrx_word' id='word_1_90' title='bbox 281 1037 506 1095; x_wconf 83' lang='lat' dir='ltr'><strong>devicit.</strong></span> <span class='ocrx_word' id='word_1_91' title='bbox 542 1034 712 1092; x_wconf 88' lang='lat' dir='ltr'>Periit</span> <span class='ocrx_word' id='word_1_92' title='bbox 742 1043 932 1092; x_wconf 86' lang='lat' dir='ltr'><strong>autem</strong></span> <span class='ocrx_word' id='word_1_93' title='bbox 965 1032 1151 1109; x_wconf 84' lang='lat' dir='ltr'><strong>paullo</strong></span> <span class='ocrx_word' id='word_1_94' title='bbox 1182 1045 1313 1090; x_wconf 86' lang='lat' dir='ltr'><strong>ante</strong></span> <span class='ocrx_word' id='word_1_95' title='bbox 1342 1050 1516 1110; x_wconf 86' lang='lat' dir='ltr'><strong>quam</strong></span> <span class='ocrx_word' id='word_1_96' title='bbox 1551 1033 1676 1091; x_wconf 82' lang='lat' dir='ltr'><strong>liaec</strong></span> <span class='ocrx_word' id='word_1_97' title='bbox 1712 1032 1937 1108; x_wconf 88' lang='lat' dir='ltr'><strong>epistola</strong></span> <span class='ocrx_word' id='word_1_98' title='bbox 1968 1030 2168 1105; x_wconf 86' lang='lat' dir='ltr'><strong>scripta</strong></span> <span class='ocrx_word' id='word_1_99' title='bbox 2188 1030 2273 1089; x_wconf 87' lang='lat' dir='ltr'><strong>est</strong></span> <span class='ocrx_word' id='word_1_100' title='bbox 2294 1074 2316 1101; x_wconf 89' lang='lat'><strong>,</strong></span> 
     </span>
     <span class='ocr_line' id='line_1_12' title="bbox 285 1103 2316 1187; baseline -0.002 -18"><span class='ocrx_word' id='word_1_101' title='bbox 285 1125 433 1171; x_wconf 89' lang='lat' dir='ltr'><strong>certe</strong></span> <span class='ocrx_word' id='word_1_102' title='bbox 466 1111 550 1169; x_wconf 88' lang='lat' dir='ltr'><strong>his</strong></span> <span class='ocrx_word' id='word_1_103' title='bbox 584 1108 940 1187; x_wconf 72' lang='lat' dir='ltr'><strong>consulibusi</strong></span> <span class='ocrx_word' id='word_1_104' title='bbox 985 1107 1143 1187; x_wconf 88' lang='lat' dir='ltr'><strong>quod</strong></span> <span class='ocrx_word' id='word_1_105' title='bbox 1175 1108 1436 1167; x_wconf 87' lang='lat' dir='ltr'><strong>videmur</strong></span> <span class='ocrx_word' id='word_1_106' title='bbox 1466 1108 1589 1168; x_wconf 87' lang='lat' dir='ltr'><strong>satis</strong></span> <span class='ocrx_word' id='word_1_107' title='bbox 1622 1103 1870 1183; x_wconf 88' lang='lat' dir='ltr'><strong>probasse</strong></span> <span class='ocrx_word' id='word_1_108' title='bbox 1903 1107 1964 1165; x_wconf 93' lang='lat' dir='ltr'><strong>in</strong></span> <span class='ocrx_word' id='word_1_109' title='bbox 1997 1122 2316 1183; x_wconf 77' lang='lat' dir='ltr'><strong>commen-</strong></span> 
     </span>
     <span class='ocr_line' id='line_1_13' title="bbox 283 1178 2316 1261; baseline -0.002 -16"><span class='ocrx_word' id='word_1_110' title='bbox 283 1189 427 1246; x_wconf 80' lang='lat' dir='ltr'><strong>tario</strong></span> <span class='ocrx_word' id='word_1_111' title='bbox 462 1186 648 1246; x_wconf 89' lang='lat' dir='ltr'><strong>nostro</strong></span> <span class='ocrx_word' id='word_1_112' title='bbox 682 1185 1032 1260; x_wconf 85' lang='lat' dir='ltr'><strong>epistolarum</strong></span> <span class='ocrx_word' id='word_1_113' title='bbox 1053 1178 1425 1243; x_wconf 86' lang='lat' dir='ltr'>familiarium.</span> <span class='ocrx_word' id='word_1_114' title='bbox 1462 1185 1521 1242; x_wconf 89' lang='lat'>&amp;</span> <span class='ocrx_word' id='word_1_115' title='bbox 1538 1202 1884 1261; x_wconf 88' lang='lat' dir='ltr'><strong>quamquam</strong></span> <span class='ocrx_word' id='word_1_116' title='bbox 1903 1180 2144 1245; x_wconf 86' lang='lat' dir='ltr'><strong>Liciniae</strong></span> <span class='ocrx_word' id='word_1_117' title='bbox 2162 1199 2316 1257; x_wconf 89' lang='lat' dir='ltr'><strong>gen-</strong></span> 
     </span>
     <span class='ocr_line' id='line_1_14' title="bbox 284 1257 2319 1344; baseline -0.002 -24"><span class='ocrx_word' id='word_1_118' title='bbox 284 1264 353 1344; x_wconf 76' lang='lat' dir='ltr'><strong>tis</strong></span> <span class='ocrx_word' id='word_1_119' title='bbox 385 1280 708 1338; x_wconf 86' lang='lat' dir='ltr'>cognomen</span> <span class='ocrx_word' id='word_1_120' title='bbox 740 1261 806 1319; x_wconf 85' lang='lat' dir='ltr'><strong>sit</strong></span> <span class='ocrx_word' id='word_1_121' title='bbox 840 1262 1105 1321; x_wconf 84' lang='lat' dir='ltr'><strong>Lucullus</strong></span> <span class='ocrx_word' id='word_1_122' title='bbox 1140 1304 1157 1330; x_wconf 91' lang='lat'><strong>,</strong></span> <span class='ocrx_word' id='word_1_123' title='bbox 1194 1261 1288 1319; x_wconf 90' lang='lat' dir='ltr'><strong>hic</strong></span> <span class='ocrx_word' id='word_1_124' title='bbox 1321 1272 1511 1319; x_wconf 87' lang='lat' dir='ltr'><strong>tamen</strong></span> <span class='ocrx_word' id='word_1_125' title='bbox 1542 1278 1659 1320; x_wconf 91' lang='lat' dir='ltr'><strong>non</strong></span> <span class='ocrx_word' id='word_1_126' title='bbox 1692 1260 1942 1318; x_wconf 89' lang='lat' dir='ltr'><strong>Licinius</strong></span> <span class='ocrx_word' id='word_1_127' title='bbox 1978 1300 1997 1327; x_wconf 93' lang='lat'><em>‚</em></span> <span class='ocrx_word' id='word_1_128' title='bbox 2050 1257 2146 1316; x_wconf 93' lang='lat' dir='ltr'><strong>sed</strong></span> <span class='ocrx_word' id='word_1_129' title='bbox 2181 1261 2319 1339; x_wconf 54' lang='lat' dir='ltr'><strong>Tg·</strong></span> 
     </span>
     <span class='ocr_line' id='line_1_15' title="bbox 286 1334 2320 1412; baseline -0.003 -12"><span class='ocrx_word' id='word_1_130' title='bbox 286 1341 494 1401; x_wconf 88' lang='lat' dir='ltr'><strong>rentius</strong></span> <span class='ocrx_word' id='word_1_131' title='bbox 530 1338 620 1397; x_wconf 82' lang='lat' dir='ltr'><strong>est.</strong></span> <span class='ocrx_word' id='word_1_132' title='bbox 656 1355 753 1396; x_wconf 89' lang='lat' dir='ltr'><strong>cur</strong></span> <span class='ocrx_word' id='word_1_133' title='bbox 783 1340 858 1396; x_wconf 88' lang='lat' dir='ltr'><strong>ita</strong></span> <span class='ocrx_word' id='word_1_134' title='bbox 891 1338 1142 1397; x_wconf 80' lang='lat' dir='ltr'>censeam</span> <span class='ocrx_word' id='word_1_135' title='bbox 1163 1380 1181 1406; x_wconf 98' lang='lat'><strong>,</strong></span> <span class='ocrx_word' id='word_1_136' title='bbox 1221 1337 1596 1412; x_wconf 77' lang='lat' dir='ltr'><strong>argumentiS,</strong></span> <span class='ocrx_word' id='word_1_137' title='bbox 1635 1348 1698 1394; x_wconf 93' lang='lat' dir='ltr'><strong>ut</strong></span> <span class='ocrx_word' id='word_1_138' title='bbox 1729 1337 1933 1412; x_wconf 84' lang='lat' dir='ltr'>opinor</span> <span class='ocrx_word' id='word_1_139' title='bbox 1952 1377 1969 1403; x_wconf 91' lang='lat'><strong>,</strong></span> <span class='ocrx_word' id='word_1_140' title='bbox 1991 1334 2153 1394; x_wconf 86' lang='lat' dir='ltr'><strong>facile</strong></span> <span class='ocrx_word' id='word_1_141' title='bbox 2169 1346 2320 1410; x_wconf 88' lang='lat' dir='ltr'><strong>pro-</strong></span> 
     </span>
     <span class='ocr_line' id='line_1_16' title="bbox 283 1406 2315 1474; baseline -0.001 -2"><span class='ocrx_word' id='word_1_142' title='bbox 283 1406 448 1474; x_wconf 79' lang='lat' dir='ltr'><strong>babo.</strong></span> <span class='ocrx_word' id='word_1_143' title='bbox 524 1415 775 1473; x_wconf 88' lang='lat' dir='ltr'><strong>Primum</strong></span> <span class='ocrx_word' id='word_1_144' title='bbox 808 1414 1032 1472; x_wconf 63' lang='lat' dir='ltr'><strong>actione</strong></span> <span class='ocrx_word' id='word_1_145' title='bbox 1062 1414 1223 1471; x_wconf 87' lang='lat' dir='ltr'><strong>tertia</strong></span> <span class='ocrx_word' id='word_1_146' title='bbox 1257 1414 1314 1470; x_wconf 90' lang='lat' dir='ltr'><strong>in</strong></span> <span class='ocrx_word' id='word_1_147' title='bbox 1349 1415 1589 1473; x_wconf 84' lang='lat' dir='ltr'>Verrem</span> <span class='ocrx_word' id='word_1_148' title='bbox 1613 1412 1858 1471; x_wconf 81' lang='lat' dir='ltr'><strong>consules</strong></span> <span class='ocrx_word' id='word_1_149' title='bbox 1895 1411 2055 1469; x_wconf 87' lang='lat' dir='ltr'><strong>simul</strong></span> <span class='ocrx_word' id='word_1_150' title='bbox 2071 1413 2156 1468; x_wconf 90' lang='lat' dir='ltr'><strong>M.</strong></span> <span class='ocrx_word' id='word_1_151' title='bbox 2180 1412 2315 1470; x_wconf 79' lang='lat' dir='ltr'><strong>Te-</strong></span> 
     </span>
     <span class='ocr_line' id='line_1_17' title="bbox 286 1487 2317 1567; baseline -0.002 -17"><span class='ocrx_word' id='word_1_152' title='bbox 286 1494 531 1567; x_wconf 79' lang='lat' dir='ltr'><strong>rentium</strong></span> <span class='ocrx_word' id='word_1_153' title='bbox 567 1494 628 1549; x_wconf 84' lang='lat'>&amp;</span> <span class='ocrx_word' id='word_1_154' title='bbox 661 1493 726 1547; x_wconf 91' lang='lat' dir='ltr'><strong>C.</strong></span> <span class='ocrx_word' id='word_1_155' title='bbox 763 1490 1004 1548; x_wconf 84' lang='lat' dir='ltr'><strong>Caffium</strong></span> <span class='ocrx_word' id='word_1_156' title='bbox 1036 1490 1207 1548; x_wconf 87' lang='lat' dir='ltr'><strong>video</strong></span> <span class='ocrx_word' id='word_1_157' title='bbox 1241 1491 1540 1548; x_wconf 87' lang='lat' dir='ltr'><strong>nominari.</strong></span> <span class='ocrx_word' id='word_1_158' title='bbox 1573 1490 1843 1565; x_wconf 82' lang='lat' dir='ltr'>collegam</span> <span class='ocrx_word' id='word_1_159' title='bbox 1861 1499 2049 1546; x_wconf 86' lang='lat' dir='ltr'><strong>autem</strong></span> <span class='ocrx_word' id='word_1_160' title='bbox 2085 1487 2151 1544; x_wconf 85' lang='lat' dir='ltr'><strong>C.</strong></span> <span class='ocrx_word' id='word_1_161' title='bbox 2171 1488 2317 1546; x_wconf 86' lang='lat' dir='ltr'><strong>Cas-</strong></span> 
     </span>
     <span class='ocr_line' id='line_1_18' title="bbox 286 1563 2315 1639; baseline -0 -15"><span class='ocrx_word' id='word_1_162' title='bbox 286 1568 348 1625; x_wconf 87' lang='lat' dir='ltr'><strong>sii</strong></span> <span class='ocrx_word' id='word_1_163' title='bbox 380 1566 535 1625; x_wconf 75' lang='lat' dir='ltr'><strong>fuisse</strong></span> <span class='ocrx_word' id='word_1_164' title='bbox 569 1568 626 1623; x_wconf 92' lang='lat' dir='ltr'><strong>in</strong></span> <span class='ocrx_word' id='word_1_165' title='bbox 660 1566 945 1624; x_wconf 80' lang='lat' dir='ltr'><strong>consulatu</strong></span> <span class='ocrx_word' id='word_1_166' title='bbox 979 1566 1063 1623; x_wconf 93' lang='lat' dir='ltr'><strong>M.</strong></span> <span class='ocrx_word' id='word_1_167' title='bbox 1098 1565 1401 1625; x_wconf 84' lang='lat' dir='ltr'><strong>Lucullum</strong></span> <span class='ocrx_word' id='word_1_168' title='bbox 1439 1607 1456 1633; x_wconf 92' lang='lat'><strong>,</strong></span> <span class='ocrx_word' id='word_1_169' title='bbox 1497 1566 1658 1639; x_wconf 89' lang='lat' dir='ltr'><strong>plane</strong></span> <span class='ocrx_word' id='word_1_170' title='bbox 1691 1565 1898 1623; x_wconf 87' lang='lat' dir='ltr'><strong>constat</strong></span> <span class='ocrx_word' id='word_1_171' title='bbox 1933 1582 2002 1622; x_wconf 86' lang='lat' dir='ltr'><strong>ex</strong></span> <span class='ocrx_word' id='word_1_172' title='bbox 2041 1563 2315 1622; x_wconf 86' lang='lat' dir='ltr'><strong>oratione</strong></span> 
     </span>
     <span class='ocr_line' id='line_1_19' title="bbox 288 1640 2314 1726; baseline -0 -26"><span class='ocrx_word' id='word_1_173' title='bbox 288 1662 390 1718; x_wconf 88' lang='lat' dir='ltr'><strong>pro</strong></span> <span class='ocrx_word' id='word_1_174' title='bbox 426 1642 707 1699; x_wconf 77' lang='lat' dir='ltr'><strong>Cluentio,</strong></span> <span class='ocrx_word' id='word_1_175' title='bbox 788 1641 991 1715; x_wconf 84' lang='lat' dir='ltr'><strong>Neque</strong></span> <span class='ocrx_word' id='word_1_176' title='bbox 1026 1658 1165 1698; x_wconf 82' lang='lat' dir='ltr'><strong>vero</strong></span> <span class='ocrx_word' id='word_1_177' title='bbox 1198 1641 1490 1726; x_wconf 84' lang='lat' dir='ltr'><strong>quisquam</strong></span> <span class='ocrx_word' id='word_1_178' title='bbox 1521 1641 1653 1699; x_wconf 91' lang='lat' dir='ltr'><strong>illud</strong></span> <span class='ocrx_word' id='word_1_179' title='bbox 1671 1642 1948 1718; x_wconf 55' lang='lat' dir='ltr'><strong>objiciam¹</strong></span> <span class='ocrx_word' id='word_1_180' title='bbox 1973 1640 2314 1699; x_wconf 86' lang='lat' dir='ltr'><strong>alterutrum</strong></span> 
     </span>
     <span class='ocr_line' id='line_1_20' title="bbox 288 1714 2313 1797; baseline 0 -21"><span class='ocrx_word' id='word_1_181' title='bbox 288 1717 397 1776; x_wconf 81' lang='lat' dir='ltr'><strong>else</strong></span> <span class='ocrx_word' id='word_1_182' title='bbox 430 1714 681 1785; x_wconf 85' lang='lat' dir='ltr'><strong>necesse,</strong></span> <span class='ocrx_word' id='word_1_183' title='bbox 722 1728 783 1772; x_wconf 91' lang='lat' dir='ltr'><strong>ut</strong></span> <span class='ocrx_word' id='word_1_184' title='bbox 816 1716 907 1773; x_wconf 81' lang='lat' dir='ltr'><strong>vel</strong></span> <span class='ocrx_word' id='word_1_185' title='bbox 941 1735 1009 1773; x_wconf 86' lang='lat' dir='ltr'><strong>cx</strong></span> <span class='ocrx_word' id='word_1_186' title='bbox 1045 1716 1263 1775; x_wconf 80' lang='lat' dir='ltr'><strong>Licinia</strong></span> <span class='ocrx_word' id='word_1_187' title='bbox 1297 1728 1463 1797; x_wconf 85' lang='lat' dir='ltr'><strong>gente</strong></span> <span class='ocrx_word' id='word_1_188' title='bbox 1499 1716 1597 1786; x_wconf 86' lang='lat' dir='ltr'><strong>fit,</strong></span> <span class='ocrx_word' id='word_1_189' title='bbox 1638 1736 1768 1775; x_wconf 90' lang='lat' dir='ltr'><strong>cum</strong></span> <span class='ocrx_word' id='word_1_190' title='bbox 1808 1717 2108 1783; x_wconf 88' lang='lat' dir='ltr'><strong>Lucullus,</strong></span> <span class='ocrx_word' id='word_1_191' title='bbox 2137 1718 2313 1793; x_wconf 64' lang='lat' dir='ltr'><strong>,quod</strong></span> 
     </span>
     <span class='ocr_line' id='line_1_21' title="bbox 282 1791 2315 1872; baseline -0.001 -19"><span class='ocrx_word' id='word_1_192' title='bbox 282 1796 406 1869; x_wconf 68' lang='lat' dir='ltr'><strong>ejus</strong></span> <span class='ocrx_word' id='word_1_193' title='bbox 437 1793 616 1872; x_wconf 82' lang='lat' dir='ltr'><strong>gentis</strong></span> <span class='ocrx_word' id='word_1_194' title='bbox 650 1805 974 1868; x_wconf 83' lang='lat' dir='ltr'><strong>cognomen</strong></span> <span class='ocrx_word' id='word_1_195' title='bbox 1008 1793 1113 1850; x_wconf 89' lang='lat' dir='ltr'><strong>fuit</strong></span> <span class='ocrx_word' id='word_1_196' title='bbox 1149 1836 1165 1861; x_wconf 92' lang='lat'>‚</span> <span class='ocrx_word' id='word_1_197' title='bbox 1206 1792 1420 1852; x_wconf 86' lang='lat' dir='ltr'><strong>dicatur</strong></span> <span class='ocrx_word' id='word_1_198' title='bbox 1450 1813 1469 1859; x_wconf 81' lang='grc'><strong>;</strong></span> <span class='ocrx_word' id='word_1_199' title='bbox 1510 1793 1602 1851; x_wconf 83' lang='lat' dir='ltr'><strong>vel</strong></span> <span class='ocrx_word' id='word_1_200' title='bbox 1634 1836 1650 1861; x_wconf 92' lang='lat'>‚</span> <span class='ocrx_word' id='word_1_201' title='bbox 1690 1793 1733 1852; x_wconf 87' lang='lat' dir='ltr'><strong>si</strong></span> <span class='ocrx_word' id='word_1_202' title='bbox 1763 1808 1830 1852; x_wconf 80' lang='lat' dir='ltr'><strong>ex</strong></span> <span class='ocrx_word' id='word_1_203' title='bbox 1869 1791 2140 1852; x_wconf 81' lang='lat' dir='ltr'><strong>Terentia</strong></span> <span class='ocrx_word' id='word_1_204' title='bbox 2174 1793 2258 1851; x_wconf 87' lang='lat' dir='ltr'><strong>est</strong></span> <span class='ocrx_word' id='word_1_205' title='bbox 2294 1831 2315 1862; x_wconf 85' lang='lat'><strong><em>‚</em></strong></span> 
     </span>
     <span class='ocr_line' id='line_1_22' title="bbox 288 1864 2311 1948; baseline 0 -21"><span class='ocrx_word' id='word_1_206' title='bbox 288 1872 470 1933; x_wconf 84' lang='lat' dir='ltr'><strong>Varro</strong></span> <span class='ocrx_word' id='word_1_207' title='bbox 520 1870 706 1948; x_wconf 90' lang='lat' dir='ltr'><strong>potius</strong></span> <span class='ocrx_word' id='word_1_208' title='bbox 756 1881 1024 1937; x_wconf 83' lang='lat' dir='ltr'><strong>vocetur,</strong></span> <span class='ocrx_word' id='word_1_209' title='bbox 1061 1874 1122 1926; x_wconf 79' lang='lat' dir='ltr'><strong>ut</strong></span> <span class='ocrx_word' id='word_1_210' title='bbox 1155 1864 1447 1927; x_wconf 81' lang='lat' dir='ltr'><strong>Terentiae</strong></span> <span class='ocrx_word' id='word_1_211' title='bbox 1493 1871 1672 1943; x_wconf 74' lang='lat' dir='ltr'><strong>gentis</strong></span> <span class='ocrx_word' id='word_1_212' title='bbox 1720 1870 2063 1944; x_wconf 86' lang='lat' dir='ltr'><strong>cognomine</strong></span> <span class='ocrx_word' id='word_1_213' title='bbox 2098 1880 2311 1927; x_wconf 84' lang='lat' dir='ltr'><strong>utatur.</strong></span> 
     </span>
     <span class='ocr_line' id='line_1_23' title="bbox 286 1945 2316 2023; baseline 0 -19"><span class='ocrx_word' id='word_1_214' title='bbox 286 1948 521 2006; x_wconf 76' lang='lat' dir='ltr'><strong>haerebit</strong></span> <span class='ocrx_word' id='word_1_215' title='bbox 552 1947 792 2004; x_wconf 86' lang='lat' dir='ltr'><strong>omnino</strong></span> <span class='ocrx_word' id='word_1_216' title='bbox 812 1988 829 2014; x_wconf 92' lang='lat'><strong>,</strong></span> <span class='ocrx_word' id='word_1_217' title='bbox 869 1947 972 2003; x_wconf 86' lang='lat' dir='ltr'><strong>hac</strong></span> <span class='ocrx_word' id='word_1_218' title='bbox 1003 1945 1349 2004; x_wconf 84' lang='lat' dir='ltr'><strong>dubitatione</strong></span> <span class='ocrx_word' id='word_1_219' title='bbox 1382 1946 1678 2021; x_wconf 85' lang='lat' dir='ltr'><strong>impeditus</strong></span> <span class='ocrx_word' id='word_1_220' title='bbox 1712 1990 1729 2016; x_wconf 89' lang='lat'>‚</span> <span class='ocrx_word' id='word_1_221' title='bbox 1769 1949 1868 2023; x_wconf 88' lang='lat' dir='ltr'><strong>qui</strong></span> <span class='ocrx_word' id='word_1_222' title='bbox 1902 1963 2124 2003; x_wconf 89' lang='lat' dir='ltr'><strong>morem</strong></span> <span class='ocrx_word' id='word_1_223' title='bbox 2161 1946 2316 2005; x_wconf 83' lang='lat' dir='ltr'><strong>anti-</strong></span> 
     </span>
    </p>

    <p class='ocr_par' dir='ltr' id='par_1_6' title="bbox 274 2021 2314 3920">
     <span class='ocr_line' id='line_1_24' title="bbox 372 2021 2314 2100; baseline -0.001 -19"><span class='ocrx_word' id='word_1_224' title='bbox 372 2043 467 2081; x_wconf 83' lang='lat' dir='ltr'><strong>um</strong></span> <span class='ocrx_word' id='word_1_225' title='bbox 519 2025 754 2099; x_wconf 68' lang='lat' dir='ltr'><strong>ignorat,</strong></span> <span class='ocrx_word' id='word_1_226' title='bbox 801 2023 943 2080; x_wconf 85' lang='lat' dir='ltr'><strong>mihi</strong></span> <span class='ocrx_word' id='word_1_227' title='bbox 975 2021 1209 2100; x_wconf 86' lang='lat' dir='ltr'><strong>quidem</strong></span> <span class='ocrx_word' id='word_1_228' title='bbox 1240 2022 1400 2083; x_wconf 86' lang='lat' dir='ltr'><strong>facile</strong></span> <span class='ocrx_word' id='word_1_229' title='bbox 1433 2022 1585 2086; x_wconf 83' lang='lat' dir='ltr'><strong>viam</strong></span> <span class='ocrx_word' id='word_1_230' title='bbox 1619 2023 1792 2097; x_wconf 86' lang='lat' dir='ltr'><strong>aperit</strong></span> <span class='ocrx_word' id='word_1_231' title='bbox 1830 2023 1942 2085; x_wconf 76' lang='lat' dir='ltr'><strong>anti</strong></span> <span class='ocrx_word' id='word_1_232' title='bbox 1984 2022 2169 2079; x_wconf 84' lang='lat' dir='ltr'><strong>uitatis</strong></span> <span class='ocrx_word' id='word_1_233' title='bbox 2200 2023 2314 2079; x_wconf 88' lang='lat' dir='ltr'><strong>ob·-</strong></span> 
     </span>
     <span class='ocr_line' id='line_1_25' title="bbox 280 2042 2311 2186; baseline 0 -29"><span class='ocrx_word' id='word_1_234' title='bbox 280 2042 543 2157; x_wconf 44' lang='lat' dir='ltr'><strong>{timia</strong></span> <span class='ocrx_word' id='word_1_235' title='bbox 575 2099 683 2172; x_wconf 89' lang='lat' dir='ltr'><strong>legi</strong></span> <span class='ocrx_word' id='word_1_236' title='bbox 716 2099 870 2156; x_wconf 90' lang='lat' dir='ltr'><strong>enim</strong></span> <span class='ocrx_word' id='word_1_237' title='bbox 902 2098 972 2154; x_wconf 84' lang='lat' dir='ltr'><strong>sae</strong></span> <span class='ocrx_word' id='word_1_238' title='bbox 1015 2117 1046 2154; x_wconf 88' lang='lat' dir='ltr'><strong>e</strong></span> <span class='ocrx_word' id='word_1_239' title='bbox 1078 2114 1144 2156; x_wconf 87' lang='lat' dir='ltr'><strong>ac</strong></span> <span class='ocrx_word' id='word_1_240' title='bbox 1174 2098 1408 2165; x_wconf 85' lang='lat' dir='ltr'><strong>notavi,</strong></span> <span class='ocrx_word' id='word_1_241' title='bbox 1449 2115 1545 2156; x_wconf 90' lang='lat' dir='ltr'><strong>eos</strong></span> <span class='ocrx_word' id='word_1_242' title='bbox 1566 2140 1583 2167; x_wconf 92' lang='lat'><strong>,</strong></span> <span class='ocrx_word' id='word_1_243' title='bbox 1624 2099 1722 2176; x_wconf 93' lang='lat' dir='ltr'><strong>qui</strong></span> <span class='ocrx_word' id='word_1_244' title='bbox 1747 2100 1874 2186; x_wconf 82' lang='lat' dir='ltr'><strong>jure</strong></span> <span class='ocrx_word' id='word_1_245' title='bbox 1905 2117 1936 2156; x_wconf 84' lang='lat' dir='ltr'><strong>a</strong></span> <span class='ocrx_word' id='word_1_246' title='bbox 1977 2095 2228 2172; x_wconf 90' lang='lat' dir='ltr'><strong>optionis</strong></span> <span class='ocrx_word' id='word_1_247' title='bbox 2247 2099 2311 2157; x_wconf 87' lang='lat' dir='ltr'><strong>iri</strong></span> 
     </span>
     <span class='ocr_line' id='line_1_26' title="bbox 290 2172 2311 2251; baseline 0 -18"><span class='ocrx_word' id='word_1_248' title='bbox 290 2176 457 2234; x_wconf 88' lang='lat' dir='ltr'><strong>aliam</strong></span> <span class='ocrx_word' id='word_1_249' title='bbox 488 2175 756 2236; x_wconf 83' lang='lat' dir='ltr'><strong>familiam</strong></span> <span class='ocrx_word' id='word_1_250' title='bbox 789 2172 949 2238; x_wconf 79' lang='lat' dir='ltr'><strong>transi</strong></span> <span class='ocrx_word' id='word_1_251' title='bbox 996 2184 1089 2232; x_wconf 86' lang='lat' dir='ltr'><strong>ent</strong></span> <span class='ocrx_word' id='word_1_252' title='bbox 1124 2215 1141 2243; x_wconf 92' lang='lat'><strong>,</strong></span> <span class='ocrx_word' id='word_1_253' title='bbox 1185 2173 1401 2236; x_wconf 86' lang='lat' dir='ltr'><strong>duobus</strong></span> <span class='ocrx_word' id='word_1_254' title='bbox 1433 2176 1860 2250; x_wconf 82' lang='lat' dir='ltr'><strong>cognominibus</strong></span> <span class='ocrx_word' id='word_1_255' title='bbox 1893 2219 1911 2247; x_wconf 87' lang='lat'><strong>,</strong></span> <span class='ocrx_word' id='word_1_256' title='bbox 1950 2192 2069 2234; x_wconf 91' lang='lat' dir='ltr'><strong>uno</strong></span> <span class='ocrx_word' id='word_1_257' title='bbox 2102 2174 2311 2251; x_wconf 85' lang='lat' dir='ltr'><strong>prioris</strong></span> 
     </span>
     <span class='ocr_line' id='line_1_27' title="bbox 289 2247 2313 2327; baseline 0.001 -18"><span class='ocrx_word' id='word_1_258' title='bbox 289 2252 518 2312; x_wconf 85' lang='lat' dir='ltr'><strong>familiae</strong></span> <span class='ocrx_word' id='word_1_259' title='bbox 552 2293 569 2319; x_wconf 90' lang='lat'><strong>,</strong></span> <span class='ocrx_word' id='word_1_260' title='bbox 609 2250 784 2308; x_wconf 87' lang='lat' dir='ltr'><strong>altero</strong></span> <span class='ocrx_word' id='word_1_261' title='bbox 820 2249 1129 2323; x_wconf 89' lang='lat' dir='ltr'><strong>posterioris</strong></span> <span class='ocrx_word' id='word_1_262' title='bbox 1163 2250 1288 2308; x_wconf 86' lang='lat' dir='ltr'><strong>usos</strong></span> <span class='ocrx_word' id='word_1_263' title='bbox 1322 2247 1430 2309; x_wconf 83' lang='lat' dir='ltr'><strong>effe</strong></span> <span class='ocrx_word' id='word_1_264' title='bbox 1463 2292 1483 2322; x_wconf 85' lang='lat'><strong>,</strong></span> <span class='ocrx_word' id='word_1_265' title='bbox 1525 2253 1600 2312; x_wconf 86' lang='lat' dir='ltr'><strong>ita</strong></span> <span class='ocrx_word' id='word_1_266' title='bbox 1632 2265 1693 2310; x_wconf 86' lang='lat' dir='ltr'><strong>ut</strong></span> <span class='ocrx_word' id='word_1_267' title='bbox 1726 2264 1946 2312; x_wconf 86' lang='lat' dir='ltr'><strong>novum</strong></span> <span class='ocrx_word' id='word_1_268' title='bbox 1979 2262 2313 2327; x_wconf 81' lang='lat' dir='ltr'><strong>cognomen</strong></span> 
     </span>
     <span class='ocr_line' id='line_1_28' title="bbox 290 2321 2307 2405; baseline 0.001 -21"><span class='ocrx_word' id='word_1_269' title='bbox 290 2328 470 2386; x_wconf 85' lang='lat' dir='ltr'><strong>veteri</strong></span> <span class='ocrx_word' id='word_1_270' title='bbox 500 2336 627 2386; x_wconf 85' lang='lat' dir='ltr'><strong>ante</strong></span> <span class='ocrx_word' id='word_1_271' title='bbox 669 2337 945 2385; x_wconf 88' lang='lat' dir='ltr'><strong>oneretur.</strong></span> <span class='ocrx_word' id='word_1_272' title='bbox 977 2326 1089 2384; x_wconf 88' lang='lat' dir='ltr'><strong>hoc</strong></span> <span class='ocrx_word' id='word_1_273' title='bbox 1120 2321 1196 2384; x_wconf 86' lang='lat' dir='ltr'><strong>ita</strong></span> <span class='ocrx_word' id='word_1_274' title='bbox 1230 2321 1337 2385; x_wconf 89' lang='lat' dir='ltr'><strong>esse</strong></span> <span class='ocrx_word' id='word_1_275' title='bbox 1357 2369 1374 2396; x_wconf 92' lang='lat'><strong>,</strong></span> <span class='ocrx_word' id='word_1_276' title='bbox 1415 2344 1544 2386; x_wconf 91' lang='lat' dir='ltr'><strong>cum</strong></span> <span class='ocrx_word' id='word_1_277' title='bbox 1577 2328 1680 2387; x_wconf 83' lang='lat' dir='ltr'><strong>alia</strong></span> <span class='ocrx_word' id='word_1_278' title='bbox 1696 2329 1951 2405; x_wconf 85' lang='lat' dir='ltr'><strong>exempla</strong></span> <span class='ocrx_word' id='word_1_279' title='bbox 1971 2370 1988 2398; x_wconf 92' lang='lat'><strong>,</strong></span> <span class='ocrx_word' id='word_1_280' title='bbox 2026 2346 2158 2405; x_wconf 83' lang='lat' dir='ltr'><strong>quae</strong></span> <span class='ocrx_word' id='word_1_281' title='bbox 2175 2325 2307 2387; x_wconf 90' lang='lat' dir='ltr'><strong>bre-</strong></span> 
     </span>
     <span class='ocr_line' id='line_1_29' title="bbox 288 2403 2311 2470; baseline 0.002 -10"><span class='ocrx_word' id='word_1_282' title='bbox 288 2404 476 2464; x_wconf 85' lang='lat' dir='ltr'><strong>vitatis</strong></span> <span class='ocrx_word' id='word_1_283' title='bbox 507 2421 608 2463; x_wconf 87' lang='lat' dir='ltr'><strong>cau</strong></span> <span class='ocrx_word' id='word_1_284' title='bbox 653 2422 682 2461; x_wconf 90' lang='lat' dir='ltr'><strong>a</strong></span> <span class='ocrx_word' id='word_1_285' title='bbox 716 2404 922 2460; x_wconf 88' lang='lat' dir='ltr'><strong>omitto</strong></span> <span class='ocrx_word' id='word_1_286' title='bbox 957 2445 973 2470; x_wconf 92' lang='lat'><strong>,</strong></span> <span class='ocrx_word' id='word_1_287' title='bbox 1013 2415 1136 2460; x_wconf 90' lang='lat' dir='ltr'><strong>tum</strong></span> <span class='ocrx_word' id='word_1_288' title='bbox 1166 2403 1300 2461; x_wconf 92' lang='lat' dir='ltr'><strong>illud</strong></span> <span class='ocrx_word' id='word_1_289' title='bbox 1329 2403 1449 2461; x_wconf 87' lang='lat' dir='ltr'><strong>satis</strong></span> <span class='ocrx_word' id='word_1_290' title='bbox 1483 2404 1688 2463; x_wconf 87' lang='lat' dir='ltr'><strong>indicat</strong></span> <span class='ocrx_word' id='word_1_291' title='bbox 1724 2407 1780 2464; x_wconf 93' lang='lat' dir='ltr'><strong>in</strong></span> <span class='ocrx_word' id='word_1_292' title='bbox 1812 2424 1885 2465; x_wconf 92' lang='lat' dir='ltr'><strong>eo</strong></span> <span class='ocrx_word' id='word_1_293' title='bbox 1913 2406 2126 2464; x_wconf 88' lang='lat' dir='ltr'><strong>senatus</strong></span> <span class='ocrx_word' id='word_1_294' title='bbox 2164 2421 2311 2464; x_wconf 82' lang='lat' dir='ltr'><strong>con-</strong></span> 
     </span>
     <span class='ocr_line' id='line_1_30' title="bbox 274 2478 2306 2562; baseline 0 -23"><span class='ocrx_word' id='word_1_295' title='bbox 274 2481 434 2539; x_wconf 83' lang='lat' dir='ltr'><strong>&#39;fulto</strong></span> <span class='ocrx_word' id='word_1_296' title='bbox 466 2523 484 2551; x_wconf 89' lang='lat'><strong>,</strong></span> <span class='ocrx_word' id='word_1_297' title='bbox 535 2479 694 2562; x_wconf 87' lang='lat' dir='ltr'><strong>quod</strong></span> <span class='ocrx_word' id='word_1_298' title='bbox 725 2478 987 2538; x_wconf 86' lang='lat' dir='ltr'><strong>insertum</strong></span> <span class='ocrx_word' id='word_1_299' title='bbox 1019 2478 1263 2555; x_wconf 87' lang='lat' dir='ltr'><strong>epistolae</strong></span> <span class='ocrx_word' id='word_1_300' title='bbox 1287 2480 1379 2558; x_wconf 82' lang='lat' dir='ltr'><strong>M·</strong></span> <span class='ocrx_word' id='word_1_301' title='bbox 1415 2480 1624 2538; x_wconf 81' lang='lat' dir='ltr'><strong>Coelius</strong></span> <span class='ocrx_word' id='word_1_302' title='bbox 1656 2481 1725 2539; x_wconf 87' lang='lat' dir='ltr'><strong>ad</strong></span> <span class='ocrx_word' id='word_1_303' title='bbox 1757 2482 2094 2541; x_wconf 82' lang='lat' dir='ltr'><strong>Ciceronem</strong></span> <span class='ocrx_word' id='word_1_304' title='bbox 2131 2480 2306 2540; x_wconf 81' lang='lat' dir='ltr'><strong>misit.</strong></span> 
     </span>
     <span class='ocr_line' id='line_1_31' title="bbox 291 2548 2309 2635; baseline 0.001 -22"><span class='ocrx_word' id='word_1_305' title='bbox 291 2557 366 2614; x_wconf 83' lang='lat' dir='ltr'><strong>lic</strong></span> <span class='ocrx_word' id='word_1_306' title='bbox 397 2559 551 2618; x_wconf 87' lang='lat' dir='ltr'><strong>enim</strong></span> <span class='ocrx_word' id='word_1_307' title='bbox 587 2551 661 2616; x_wconf 86' lang='lat' dir='ltr'><strong>est</strong></span> <span class='ocrx_word' id='word_1_308' title='bbox 694 2558 750 2616; x_wconf 87' lang='lat' dir='ltr'><strong>in</strong></span> <span class='ocrx_word' id='word_1_309' title='bbox 782 2555 870 2614; x_wconf 74' lang='lat' dir='ltr'><strong>eo‘.</strong></span> <span class='ocrx_word' id='word_1_310' title='bbox 910 2559 991 2631; x_wconf 59' lang='lat' dir='ltr'><strong>{Q</strong></span> <span class='ocrx_word' id='word_1_311' title='bbox 1016 2548 1235 2613; x_wconf 50' lang='lat' dir='ltr'><strong>(ticinus</strong></span> <span class='ocrx_word' id='word_1_312' title='bbox 1267 2560 1348 2631; x_wconf 55' lang='lat' dir='ltr'><em>Q</em></span> <span class='ocrx_word' id='word_1_313' title='bbox 1371 2564 1428 2613; x_wconf 85' lang='lat' dir='ltr'><strong>F.</strong></span> <span class='ocrx_word' id='word_1_314' title='bbox 1447 2553 1682 2614; x_wconf 82' lang='lat' dir='ltr'><strong>Metellus</strong></span> <span class='ocrx_word' id='word_1_315' title='bbox 1712 2558 1833 2616; x_wconf 84' lang='lat' dir='ltr'><strong>Pius</strong></span> <span class='ocrx_word' id='word_1_316' title='bbox 1864 2559 2012 2635; x_wconf 79' lang='lat' dir='ltr'><strong>Scipio</strong></span> <span class='ocrx_word' id='word_1_317' title='bbox 2028 2601 2045 2627; x_wconf 91' lang='lat'><strong>,</strong></span> <span class='ocrx_word' id='word_1_318' title='bbox 2085 2574 2309 2632; x_wconf 61' lang='lat' dir='ltr'><strong>cognoa</strong></span> 
     </span>
     <span class='ocr_line' id='line_1_32' title="bbox 292 2631 2310 2712; baseline 0 -22"><span class='ocrx_word' id='word_1_319' title='bbox 292 2634 449 2692; x_wconf 89' lang='lat' dir='ltr'><strong>mine</strong></span> <span class='ocrx_word' id='word_1_320' title='bbox 484 2635 714 2712; x_wconf 79' lang='lat' dir='ltr'><strong>Scipionis</strong></span> <span class='ocrx_word' id='word_1_321' title='bbox 743 2633 863 2709; x_wconf 90' lang='lat' dir='ltr'><strong>post</strong></span> <span class='ocrx_word' id='word_1_322' title='bbox 896 2631 1089 2689; x_wconf 84' lang='lat' dir='ltr'><strong>Metelli</strong></span> <span class='ocrx_word' id='word_1_323' title='bbox 1117 2653 1176 2688; x_wconf 84' lang='lat' dir='ltr'><strong>ac</strong></span> <span class='ocrx_word' id='word_1_324' title='bbox 1212 2634 1292 2690; x_wconf 83' lang='lat' dir='ltr'><strong>Pii</strong></span> <span class='ocrx_word' id='word_1_325' title='bbox 1324 2650 1644 2707; x_wconf 87' lang='lat' dir='ltr'><strong>cognomen</strong></span> <span class='ocrx_word' id='word_1_326' title='bbox 1678 2635 1987 2693; x_wconf 88' lang='lat' dir='ltr'><strong>collocato:</strong></span> <span class='ocrx_word' id='word_1_327' title='bbox 2033 2635 2162 2712; x_wconf 86' lang='lat' dir='ltr'><strong>quia</strong></span> <span class='ocrx_word' id='word_1_328' title='bbox 2185 2635 2310 2692; x_wconf 89' lang='lat' dir='ltr'><strong>Sci-</strong></span> 
     </span>
     <span class='ocr_line' id='line_1_33' title="bbox 291 2708 2307 2787; baseline 0.002 -20"><span class='ocrx_word' id='word_1_329' title='bbox 291 2711 524 2784; x_wconf 73' lang='lat' dir='ltr'><strong>pionem</strong></span> <span class='ocrx_word' id='word_1_330' title='bbox 558 2715 632 2787; x_wconf 87' lang='lat' dir='ltr'><strong>Q.</strong></span> <span class='ocrx_word' id='word_1_331' title='bbox 665 2708 1114 2776; x_wconf 73' lang='lat' dir='ltr'><strong>Metellusl’ius,</strong></span> <span class='ocrx_word' id='word_1_332' title='bbox 1156 2709 1445 2767; x_wconf 87' lang='lat' dir='ltr'><strong>Numidici</strong></span> <span class='ocrx_word' id='word_1_333' title='bbox 1475 2709 1650 2779; x_wconf 88' lang='lat' dir='ltr'><strong>filius,</strong></span> <span class='ocrx_word' id='word_1_334' title='bbox 1687 2709 2061 2786; x_wconf 66' lang='lat' dir='ltr'><strong>adoptaverat.</strong></span> <span class='ocrx_word' id='word_1_335' title='bbox 2101 2710 2307 2771; x_wconf 82' lang='lat' dir='ltr'><strong>ltldem</strong></span> 
     </span>
     <span class='ocr_line' id='line_1_34' title="bbox 290 2784 2308 2864; baseline 0 -20"><span class='ocrx_word' id='word_1_336' title='bbox 290 2786 383 2844; x_wconf 91' lang='lat' dir='ltr'><strong>hic</strong></span> <span class='ocrx_word' id='word_1_337' title='bbox 416 2787 597 2844; x_wconf 90' lang='lat' dir='ltr'><strong>noster</strong></span> <span class='ocrx_word' id='word_1_338' title='bbox 627 2788 687 2843; x_wconf 89' lang='lat'>&amp;</span> <span class='ocrx_word' id='word_1_339' title='bbox 717 2786 898 2842; x_wconf 88' lang='lat' dir='ltr'><strong>Varro</strong></span> <span class='ocrx_word' id='word_1_340' title='bbox 934 2786 994 2841; x_wconf 76' lang='grc' dir='ltr'><strong>δε</strong></span> <span class='ocrx_word' id='word_1_341' title='bbox 1028 2785 1292 2841; x_wconf 84' lang='lat' dir='ltr'><strong>Lucullus</strong></span> <span class='ocrx_word' id='word_1_342' title='bbox 1323 2784 1602 2843; x_wconf 83' lang='lat' dir='ltr'><strong>dicebatur</strong></span> <span class='ocrx_word' id='word_1_343' title='bbox 1635 2828 1670 2862; x_wconf 1' lang='lat' dir='ltr'><strong>,g</strong></span> <span class='ocrx_word' id='word_1_344' title='bbox 1692 2786 1784 2844; x_wconf 84' lang='lat' dir='ltr'><strong>sed</strong></span> <span class='ocrx_word' id='word_1_345' title='bbox 1830 2788 2170 2864; x_wconf 85' lang='lat' dir='ltr'><strong>frequentius</strong></span> <span class='ocrx_word' id='word_1_346' title='bbox 2222 2799 2308 2846; x_wconf 83' lang='lat' dir='ltr'><strong>ta-</strong></span> 
     </span>
     <span class='ocr_line' id='line_1_35' title="bbox 292 2858 2307 2939; baseline 0.002 -22"><span class='ocrx_word' id='word_1_347' title='bbox 292 2880 429 2920; x_wconf 91' lang='lat' dir='ltr'><strong>men</strong></span> <span class='ocrx_word' id='word_1_348' title='bbox 461 2862 724 2919; x_wconf 86' lang='lat' dir='ltr'><strong>Lucullus</strong></span> <span class='ocrx_word' id='word_1_349' title='bbox 759 2861 832 2918; x_wconf 94' lang='lat' dir='ltr'><strong>ob</strong></span> <span class='ocrx_word' id='word_1_350' title='bbox 860 2875 987 2926; x_wconf 65' lang='lat' dir='ltr'><strong>‚eam</strong></span> <span class='ocrx_word' id='word_1_351' title='bbox 1024 2858 1257 2920; x_wconf 71' lang='lat' dir='ltr'><strong>caullani</strong></span> <span class='ocrx_word' id='word_1_352' title='bbox 1279 2904 1295 2929; x_wconf 90' lang='lat'><strong>,</strong></span> <span class='ocrx_word' id='word_1_353' title='bbox 1334 2862 1710 2937; x_wconf 67' lang='lat' dir='ltr'><strong>quiaveteri,</strong></span> <span class='ocrx_word' id='word_1_354' title='bbox 1749 2879 1917 2939; x_wconf 82' lang='lat' dir='ltr'><strong>quam</strong></span> <span class='ocrx_word' id='word_1_355' title='bbox 1949 2882 2109 2921; x_wconf 89' lang='lat' dir='ltr'><strong>novo</strong></span> <span class='ocrx_word' id='word_1_356' title='bbox 2143 2904 2160 2931; x_wconf 91' lang='lat'><strong>,</strong></span> <span class='ocrx_word' id='word_1_357' title='bbox 2204 2881 2307 2921; x_wconf 88' lang='lat' dir='ltr'><strong>co-</strong></span> 
     </span>
     <span class='ocr_line' id='line_1_36' title="bbox 291 2934 2305 3014; baseline 0.002 -20"><span class='ocrx_word' id='word_1_358' title='bbox 291 2937 563 3009; x_wconf 86' lang='lat' dir='ltr'><strong>gnomine</strong></span> <span class='ocrx_word' id='word_1_359' title='bbox 595 2937 786 2993; x_wconf 83' lang='lat' dir='ltr'><strong>notior</strong></span> <span class='ocrx_word' id='word_1_360' title='bbox 820 2947 948 2992; x_wconf 87' lang='lat' dir='ltr'><strong>erat.</strong></span> <span class='ocrx_word' id='word_1_361' title='bbox 980 2934 1225 2993; x_wconf 89' lang='lat' dir='ltr'><strong>adducor</strong></span> <span class='ocrx_word' id='word_1_362' title='bbox 1257 2949 1447 2994; x_wconf 85' lang='lat' dir='ltr'><strong>autem</strong></span> <span class='ocrx_word' id='word_1_363' title='bbox 1485 2937 1542 2994; x_wconf 89' lang='lat' dir='ltr'><strong>in</strong></span> <span class='ocrx_word' id='word_1_364' title='bbox 1572 2939 1715 2996; x_wconf 85' lang='lat' dir='ltr'><strong>hanc</strong></span> <span class='ocrx_word' id='word_1_365' title='bbox 1751 2940 2083 3014; x_wconf 85' lang='lat' dir='ltr'><strong>opinionem</strong></span> <span class='ocrx_word' id='word_1_366' title='bbox 2117 2957 2189 2997; x_wconf 90' lang='lat' dir='ltr'><strong>eo</strong></span> <span class='ocrx_word' id='word_1_367' title='bbox 2235 2940 2305 2998; x_wconf 81' lang='lat' dir='ltr'><strong>li·-</strong></span> 
     </span>
     <span class='ocr_line' id='line_1_37' title="bbox 292 3010 2304 3089; baseline 0.001 -18"><span class='ocrx_word' id='word_1_368' title='bbox 292 3013 545 3080; x_wconf 88' lang='lat' dir='ltr'><strong>bentius,</strong></span> <span class='ocrx_word' id='word_1_369' title='bbox 585 3010 740 3089; x_wconf 82' lang='lat' dir='ltr'><strong>quod</strong></span> <span class='ocrx_word' id='word_1_370' title='bbox 770 3010 975 3087; x_wconf 77' lang='lat' dir='ltr'><strong>lapides</strong></span> <span class='ocrx_word' id='word_1_371' title='bbox 1005 3011 1080 3070; x_wconf 90' lang='lat' dir='ltr'><strong>illi</strong></span> <span class='ocrx_word' id='word_1_372' title='bbox 1112 3012 1396 3085; x_wconf 86' lang='lat' dir='ltr'><strong>capitolini</strong></span> <span class='ocrx_word' id='word_1_373' title='bbox 1429 3056 1445 3080; x_wconf 95' lang='lat'>‚</span> <span class='ocrx_word' id='word_1_374' title='bbox 1485 3016 1751 3088; x_wconf 82' lang='lat' dir='ltr'><strong>proximis</strong></span> <span class='ocrx_word' id='word_1_375' title='bbox 1784 3017 1946 3074; x_wconf 78' lang='lat' dir='ltr'><strong>annis.</strong></span> <span class='ocrx_word' id='word_1_376' title='bbox 1970 3017 2177 3073; x_wconf 84' lang='lat' dir='ltr'><strong>Romae</strong></span> <span class='ocrx_word' id='word_1_377' title='bbox 2213 3034 2304 3074; x_wconf 83' lang='lat' dir='ltr'><strong>re·-</strong></span> 
     </span>
     <span class='ocr_line' id='line_1_38' title="bbox 292 3083 2302 3164; baseline 0.002 -17"><span class='ocrx_word' id='word_1_378' title='bbox 292 3089 471 3164; x_wconf 89' lang='lat' dir='ltr'><strong>perti,</strong></span> <span class='ocrx_word' id='word_1_379' title='bbox 510 3088 810 3146; x_wconf 81' lang='lat' dir='ltr'><strong>Lucullum</strong></span> <span class='ocrx_word' id='word_1_380' title='bbox 840 3087 997 3145; x_wconf 83' lang='lat' dir='ltr'><strong>hune</strong></span> <span class='ocrx_word' id='word_1_381' title='bbox 1021 3083 1304 3145; x_wconf 90' lang='lat' dir='ltr'><strong>consulem</strong></span> <span class='ocrx_word' id='word_1_382' title='bbox 1325 3130 1342 3156; x_wconf 91' lang='lat'><strong>,</strong></span> <span class='ocrx_word' id='word_1_383' title='bbox 1383 3083 1714 3148; x_wconf 69' lang='lat' dir='ltr'><strong>dictionibus</strong></span> <span class='ocrx_word' id='word_1_384' title='bbox 1749 3092 2017 3150; x_wconf 75' lang='lat' dir='ltr'><strong>vetustate</strong></span> <span class='ocrx_word' id='word_1_385' title='bbox 2037 3090 2302 3152; x_wconf 86' lang='lat' dir='ltr'><strong>consum-</strong></span> 
     </span>
     <span class='ocr_line' id='line_1_39' title="bbox 290 3167 2301 3247; baseline 0.002 -25"><span class='ocrx_word' id='word_1_386' title='bbox 290 3167 436 3241; x_wconf 77' lang='lat' dir='ltr'><strong>ptiS,</strong></span> <span class='ocrx_word' id='word_1_387' title='bbox 475 3167 550 3223; x_wconf 82' lang='lat' dir='ltr'><strong>ita</strong></span> <span class='ocrx_word' id='word_1_388' title='bbox 582 3175 846 3239; x_wconf 90' lang='lat' dir='ltr'><strong>ponunt:</strong></span> <span class='ocrx_word' id='word_1_389' title='bbox 888 3183 946 3221; x_wconf 82' lang='lat' dir='ltr'><strong>M.</strong></span> <span class='ocrx_word' id='word_1_390' title='bbox 977 3194 1081 3206; x_wconf 90' lang='lat'><em>——--</em></span> <span class='ocrx_word' id='word_1_391' title='bbox 1110 3182 1206 3220; x_wconf 78' lang='lat' dir='ltr'><strong>VS.</strong></span> <span class='ocrx_word' id='word_1_392' title='bbox 1239 3182 1299 3221; x_wconf 67' lang='lat' dir='ltr'><strong>iu.</strong></span> <span class='ocrx_word' id='word_1_393' title='bbox 1332 3182 1378 3221; x_wconf 89' lang='lat'><strong>1-·.</strong></span> <span class='ocrx_word' id='word_1_394' title='bbox 1413 3196 1516 3207; x_wconf 90' lang='lat'><strong>--</strong></span> <span class='ocrx_word' id='word_1_395' title='bbox 1551 3167 1616 3223; x_wconf 81' lang='lat' dir='ltr'><strong>R.</strong></span> <span class='ocrx_word' id='word_1_396' title='bbox 1650 3168 2076 3226; x_wconf 78' lang='lat' dir='ltr'><strong>LucuLLus.</strong></span> <span class='ocrx_word' id='word_1_397' title='bbox 2107 3187 2301 3247; x_wconf 88' lang='lat' dir='ltr'><strong>neque</strong></span> 
     </span>
     <span class='ocr_line' id='line_1_40' title="bbox 284 3239 2308 3316; baseline 0.001 -16"><span class='ocrx_word' id='word_1_398' title='bbox 284 3242 448 3300; x_wconf 82' lang='lat' dir='ltr'><strong>enim</strong></span> <span class='ocrx_word' id='word_1_399' title='bbox 480 3239 710 3308; x_wconf 79' lang='lat' dir='ltr'><strong>dubito,</strong></span> <span class='ocrx_word' id='word_1_400' title='bbox 750 3240 888 3315; x_wconf 90' lang='lat' dir='ltr'><strong>quin</strong></span> <span class='ocrx_word' id='word_1_401' title='bbox 915 3239 1094 3298; x_wconf 85' lang='lat' dir='ltr'><strong>littera</strong></span> <span class='ocrx_word' id='word_1_402' title='bbox 1124 3240 1211 3298; x_wconf 83' lang='lat' dir='ltr'><strong>illa</strong></span> <span class='ocrx_word' id='word_1_403' title='bbox 1230 3269 1257 3306; x_wconf 86' lang='lat'><strong>,·</strong></span> <span class='ocrx_word' id='word_1_404' title='bbox 1287 3259 1325 3298; x_wconf 76' lang='lat' dir='ltr'>R</span> <span class='ocrx_word' id='word_1_405' title='bbox 1361 3282 1378 3308; x_wconf 91' lang='lat'><strong>,</strong></span> <span class='ocrx_word' id='word_1_406' title='bbox 1418 3257 1547 3316; x_wconf 80' lang='lat' dir='ltr'><strong>quae</strong></span> <span class='ocrx_word' id='word_1_407' title='bbox 1581 3242 1648 3301; x_wconf 82' lang='lat' dir='ltr'><strong>ab</strong></span> <span class='ocrx_word' id='word_1_408' title='bbox 1679 3244 1776 3302; x_wconf 91' lang='lat' dir='ltr'><strong>illis</strong></span> <span class='ocrx_word' id='word_1_409' title='bbox 1809 3245 1970 3304; x_wconf 87' lang='lat' dir='ltr'><strong>duab.</strong></span> <span class='ocrx_word' id='word_1_410' title='bbox 2001 3262 2144 3302; x_wconf 58' lang='lat' dir='ltr'><strong>ms.</strong></span> <span class='ocrx_word' id='word_1_411' title='bbox 2172 3244 2308 3303; x_wconf 51' lang='lat' dir='ltr'><strong>lon«</strong></span> 
     </span>
     <span class='ocr_line' id='line_1_41' title="bbox 289 3313 2304 3395; baseline 0.003 -20"><span class='ocrx_word' id='word_1_412' title='bbox 289 3317 505 3391; x_wconf 85' lang='lat' dir='ltr'><strong>giffime</strong></span> <span class='ocrx_word' id='word_1_413' title='bbox 535 3315 723 3385; x_wconf 82' lang='lat' dir='ltr'><strong>distat,</strong></span> <span class='ocrx_word' id='word_1_414' title='bbox 762 3316 997 3374; x_wconf 86' lang='lat' dir='ltr'><strong>alterum</strong></span> <span class='ocrx_word' id='word_1_415' title='bbox 1029 3332 1354 3390; x_wconf 88' lang='lat' dir='ltr'><strong>cognomen</strong></span> <span class='ocrx_word' id='word_1_416' title='bbox 1386 3315 1448 3380; x_wconf 83' lang='lat' dir='ltr'><strong>sit</strong></span> <span class='ocrx_word' id='word_1_417' title='bbox 1469 3357 1486 3384; x_wconf 90' lang='lat'><strong>,</strong></span> <span class='ocrx_word' id='word_1_418' title='bbox 1524 3320 1679 3394; x_wconf 90' lang='lat' dir='ltr'><strong>quod</strong></span> <span class='ocrx_word' id='word_1_419' title='bbox 1712 3339 1743 3378; x_wconf 89' lang='lat' dir='ltr'><strong>a</strong></span> <span class='ocrx_word' id='word_1_420' title='bbox 1777 3320 2055 3379; x_wconf 82' lang='lat' dir='ltr'><strong>Terentio</strong></span> <span class='ocrx_word' id='word_1_421' title='bbox 2087 3362 2105 3388; x_wconf 91' lang='lat'><strong>,</strong></span> <span class='ocrx_word' id='word_1_422' title='bbox 2133 3313 2304 3395; x_wconf 60' lang='lat' dir='ltr'><strong>&#39;patre</strong></span> 
     </span>
     <span class='ocr_line' id='line_1_42' title="bbox 291 3392 2306 3475; baseline 0 -21"><span class='ocrx_word' id='word_1_423' title='bbox 291 3393 596 3469; x_wconf 77' lang='lat' dir='ltr'><strong>adoptivo,</strong></span> <span class='ocrx_word' id='word_1_424' title='bbox 636 3392 901 3450; x_wconf 82' lang='lat' dir='ltr'><strong>Lucullus</strong></span> <span class='ocrx_word' id='word_1_425' title='bbox 929 3394 1176 3465; x_wconf 58' lang='lat' dir='ltr'><strong>accepim</strong></span> <span class='ocrx_word' id='word_1_426' title='bbox 1216 3393 1328 3451; x_wconf 88' lang='lat' dir='ltr'><strong>hoc</strong></span> <span class='ocrx_word' id='word_1_427' title='bbox 1362 3393 1591 3469; x_wconf 89' lang='lat' dir='ltr'><strong>inquam</strong></span> <span class='ocrx_word' id='word_1_428' title='bbox 1612 3438 1631 3464; x_wconf 87' lang='lat'><strong>,</strong></span> <span class='ocrx_word' id='word_1_429' title='bbox 1669 3414 1706 3455; x_wconf 88' lang='lat' dir='ltr'>v</span> <span class='ocrx_word' id='word_1_430' title='bbox 1725 3416 1812 3454; x_wconf 70' lang='lat' dir='ltr'><strong>An</strong></span> <span class='ocrx_word' id='word_1_431' title='bbox 1833 3418 1889 3456; x_wconf 71' lang='lat' dir='ltr'><strong>ii.</strong></span> <span class='ocrx_word' id='word_1_432' title='bbox 1921 3397 2077 3475; x_wconf 84' lang='lat' dir='ltr'><strong>quod</strong></span> <span class='ocrx_word' id='word_1_433' title='bbox 2110 3436 2127 3466; x_wconf 90' lang='lat'><strong>,</strong></span> <span class='ocrx_word' id='word_1_434' title='bbox 2172 3405 2306 3455; x_wconf 75' lang='lat' dir='ltr'><em>Var-</em></span> 
     </span>
     <span class='ocr_line' id='line_1_43' title="bbox 289 3467 2303 3550; baseline 0.001 -21"><span class='ocrx_word' id='word_1_435' title='bbox 289 3492 346 3530; x_wconf 84' lang='lat' dir='ltr'><strong>ro</strong></span> <span class='ocrx_word' id='word_1_436' title='bbox 365 3514 381 3540; x_wconf 93' lang='lat'><strong>,</strong></span> <span class='ocrx_word' id='word_1_437' title='bbox 420 3467 682 3544; x_wconf 81' lang='lat' dir='ltr'><strong>significat</strong></span> <span class='ocrx_word' id='word_1_438' title='bbox 702 3510 719 3536; x_wconf 92' lang='lat'><strong>,</strong></span> <span class='ocrx_word' id='word_1_439' title='bbox 759 3467 914 3525; x_wconf 88' lang='lat' dir='ltr'><strong>ficuti</strong></span> <span class='ocrx_word' id='word_1_440' title='bbox 944 3486 976 3524; x_wconf 78' lang='grc' dir='ltr'>ι</span> <span class='ocrx_word' id='word_1_441' title='bbox 994 3487 1031 3524; x_wconf 89' lang='grc' dir='ltr'><strong>υ</strong></span> <span class='ocrx_word' id='word_1_442' title='bbox 1050 3484 1139 3525; x_wconf 81' lang='lat' dir='ltr'><strong>cu</strong></span> <span class='ocrx_word' id='word_1_443' title='bbox 1158 3486 1187 3525; x_wconf 87' lang='lat'><strong>1.</strong></span> <span class='ocrx_word' id='word_1_444' title='bbox 1207 3487 1254 3526; x_wconf 91' lang='lat'><strong>1..</strong></span> <span class='ocrx_word' id='word_1_445' title='bbox 1289 3487 1391 3544; x_wconf 91' lang='lat' dir='ltr'><strong>pro</strong></span> <span class='ocrx_word' id='word_1_446' title='bbox 1424 3470 1694 3543; x_wconf 81' lang='lat' dir='ltr'><strong>Lucullus,</strong></span> <span class='ocrx_word' id='word_1_447' title='bbox 1739 3473 1813 3532; x_wconf 90' lang='lat' dir='ltr'><strong>ibi</strong></span> <span class='ocrx_word' id='word_1_448' title='bbox 1843 3475 2103 3550; x_wconf 88' lang='lat' dir='ltr'><strong>scriptum</strong></span> <span class='ocrx_word' id='word_1_449' title='bbox 2139 3472 2303 3532; x_wconf 70' lang='lat' dir='ltr'><strong>vide-</strong></span> 
     </span>
     <span class='ocr_line' id='line_1_44' title="bbox 290 3543 2304 3620; baseline 0.001 -14"><span class='ocrx_word' id='word_1_450' title='bbox 290 3543 1092 3620; x_wconf 78' lang='lat' dir='ltr'><strong>mus,&amp;iniisdemlapidibus</strong></span> <span class='ocrx_word' id='word_1_451' title='bbox 1124 3563 1491 3608; x_wconf 64' lang='lat' dir='ltr'><strong>nanceii..</strong></span> <span class='ocrx_word' id='word_1_452' title='bbox 1524 3545 2304 3609; x_wconf 65' lang='lat' dir='ltr'><strong>mnssAii.noteizssi.1..</strong></span> 
     </span>
     <span class='ocr_line' id='line_1_45' title="bbox 286 3619 2305 3697; baseline 0.001 -15"><span class='ocrx_word' id='word_1_453' title='bbox 286 3642 336 3682; x_wconf 68' lang='lat' dir='ltr'><strong>-u</strong></span> <span class='ocrx_word' id='word_1_454' title='bbox 354 3644 387 3681; x_wconf 76' lang='lat' dir='ltr'>A</span> <span class='ocrx_word' id='word_1_455' title='bbox 407 3641 536 3682; x_wconf 71' lang='grc' dir='ltr'><strong>εις.</strong></span> <span class='ocrx_word' id='word_1_456' title='bbox 566 3629 705 3697; x_wconf 74' lang='lat' dir='ltr'><strong>pro&#39;,</strong></span> <span class='ocrx_word' id='word_1_457' title='bbox 745 3621 1038 3681; x_wconf 83' lang='lat' dir='ltr'><strong>Marcellus</strong></span> <span class='ocrx_word' id='word_1_458' title='bbox 1057 3662 1074 3688; x_wconf 92' lang='lat'><strong>,</strong></span> <span class='ocrx_word' id='word_1_459' title='bbox 1112 3619 1360 3681; x_wconf 73' lang='lat' dir='ltr'><strong>Messalla</strong></span> <span class='ocrx_word' id='word_1_460' title='bbox 1381 3666 1397 3693; x_wconf 94' lang='lat'><strong>,</strong></span> <span class='ocrx_word' id='word_1_461' title='bbox 1436 3623 1723 3683; x_wconf 86' lang='lat' dir='ltr'><strong>Dolabella</strong></span> <span class='ocrx_word' id='word_1_462' title='bbox 1741 3662 1759 3693; x_wconf 81' lang='lat'><strong>,</strong></span> <span class='ocrx_word' id='word_1_463' title='bbox 1798 3626 2030 3696; x_wconf 81' lang='lat' dir='ltr'><strong>Nasica,</strong></span> <span class='ocrx_word' id='word_1_464' title='bbox 2049 3627 2125 3688; x_wconf 83' lang='lat' dir='ltr'><strong>ita</strong></span> <span class='ocrx_word' id='word_1_465' title='bbox 2154 3623 2305 3684; x_wconf 82' lang='lat' dir='ltr'><strong>divi·-</strong></span> 
     </span>
     <span class='ocr_line' id='line_1_46' title="bbox 282 3695 2305 3777; baseline 0.001 -19"><span class='ocrx_word' id='word_1_466' title='bbox 282 3699 349 3758; x_wconf 74' lang='lat' dir='ltr'><strong>Lsa</strong></span> <span class='ocrx_word' id='word_1_467' title='bbox 376 3699 577 3777; x_wconf 80' lang='lat' dir='ltr'><strong>syllaba</strong></span> <span class='ocrx_word' id='word_1_468' title='bbox 601 3697 876 3777; x_wconf 78' lang='lat' dir='ltr'><strong>postrema</strong></span> <span class='ocrx_word' id='word_1_469' title='bbox 908 3740 926 3766; x_wconf 93' lang='lat'><strong>,</strong></span> <span class='ocrx_word' id='word_1_470' title='bbox 979 3709 1042 3754; x_wconf 87' lang='lat' dir='ltr'><strong>ut</strong></span> <span class='ocrx_word' id='word_1_471' title='bbox 1073 3695 1355 3765; x_wconf 83' lang='lat' dir='ltr'><strong>interdum</strong></span> <span class='ocrx_word' id='word_1_472' title='bbox 1388 3697 1516 3766; x_wconf 80' lang='lat' dir='ltr'><strong>duae</strong></span> <span class='ocrx_word' id='word_1_473' title='bbox 1560 3700 1757 3759; x_wconf 83' lang='lat' dir='ltr'><strong>litterae</strong></span> <span class='ocrx_word' id='word_1_474' title='bbox 1789 3741 1807 3772; x_wconf 89' lang='lat'><strong>,</strong></span> <span class='ocrx_word' id='word_1_475' title='bbox 1859 3702 2140 3764; x_wconf 83' lang='lat' dir='ltr'><strong>interdum</strong></span> <span class='ocrx_word' id='word_1_476' title='bbox 2189 3720 2305 3761; x_wconf 80' lang='lat' dir='ltr'><strong>una</strong></span> 
     </span>
     <span class='ocr_line' id='line_1_47' title="bbox 293 3771 2305 3862; baseline 0.001 -28"><span class='ocrx_word' id='word_1_477' title='bbox 293 3788 511 3836; x_wconf 82' lang='lat' dir='ltr'><strong>tantum</strong></span> <span class='ocrx_word' id='word_1_478' title='bbox 542 3774 866 3836; x_wconf 70' lang='lat' dir='ltr'><strong>omittatur:</strong></span> <span class='ocrx_word' id='word_1_479' title='bbox 903 3771 1002 3845; x_wconf 82' lang='lat' dir='ltr'><strong>ut,</strong></span> <span class='ocrx_word' id='word_1_480' title='bbox 1042 3789 1173 3836; x_wconf 89' lang='lat' dir='ltr'><strong>cuin</strong></span> <span class='ocrx_word' id='word_1_481' title='bbox 1204 3774 1544 3849; x_wconf 74' lang='lat' dir='ltr'><strong>scribebant,</strong></span> <span class='ocrx_word' id='word_1_482' title='bbox 1580 3795 1866 3862; x_wconf 61' lang='lat' dir='ltr'><strong>naa-‚pro</strong></span> <span class='ocrx_word' id='word_1_483' title='bbox 1893 3797 2083 3852; x_wconf 63' lang='lat' dir='ltr'><strong>mii.</strong></span> <span class='ocrx_word' id='word_1_484' title='bbox 2120 3779 2305 3859; x_wconf 88' lang='lat' dir='ltr'><strong>Quod</strong></span> 
     </span>
     <span class='ocr_line' id='line_1_48' title="bbox 284 3876 2306 3920; baseline 0.011 -22"><span class='ocrx_word' id='word_1_485' title='bbox 284 3879 323 3902; x_wconf 71' lang='lat'><strong>.,</strong></span> <span class='ocrx_word' id='word_1_486' title='bbox 1775 3903 1778 3908; x_wconf 90' lang='lat'><strong>.</strong></span> <span class='ocrx_word' id='word_1_487' title='bbox 2203 3876 2306 3920; x_wconf 74' lang='lat' dir='ltr'><strong>au-</strong></span> 
     </span>
    </p>
   </div>
  </div>
 </body>
</html>
