2514 4438
645 252 1599 332 consumam-113.
2014 261 2163 355 '215

107 370 182 448 13
248 385 450 442 enter
464 427 487 463 ‚
536 369 610 443 &
642 369 725 442 ad
761 394 873 442 eos
926 378 949 425 7
987 368 1450 467 allegandum3
1499 369 2160 472 perfiladendumque

125 391 247 554 ei}
282 469 411 561 iis,
460 495 582 541 nos
605 467 873 565 semper
900 490 1070 539 cum.
1089 467 1519 563 optimatibus
1539 470 1623 542 de
1650 469 1986 565 republica
2013 473 2180 546 sen--

125 568 334 660 fisse,
391 557 677 640 minime
709 564 1055 663 populares
1090 564 1301 638 fuisse.
1353 564 1401 637 fi
1437 566 1601 663 quid
1638 566 1845 640 locuti
1875 569 2155 665 popula-

122 667 311 739 riter
349 723 373 757 ,
423 665 494 737 id
528 690 647 738 nos
675 690 757 738 eo
785 662 1064 735 confilio
1093 663 1310 735 feciss'e
1340 721 1362 752 ‚
1428 685 1504 740 ut
1547 663 1738 736 nobis
1774 665 1909 737 Cn.
1946 669 2154 740 Pom-

124 766 392 864 pejum
425 763 964 872 adjungeremu3‚
1010 781 1088 833 ut
1112 786 1310 850 eum,
1359 763 1477 859 qui
1506 760 1875 859 plurimhm
1907 766 2169 860 poss'et,

126 882 267 936 aut
300 862 596 934 amicum
630 885 701 934 1n
737 858 957 931 nostra
990 858 1306 956 petitione
1340 860 1722 932 haberemus
1748 918 1770 951 ‚
1829 880 1944 934 aut
1972 862 2151 935 certe

127 986 300 1034 non
329 959 795 1033 adversarium.
890 958 1212 1028 Praeterea
1250 958 1684 1030 adolescentes
1721 957 1980 1032 nobiles
2021 960 2151 1033 ela-

130 1059 359 1148 bora,
408 1078 487 1130 ut
521 1054 785 1145 habeaS,
832 1053 940 1128 vel
973 1075 1048 1127 ut
1076 1074 1328 1142 teneas,
1377 1056 1700 1132 studiosos
1724 1057 1822 1129 tui
1848 1082 2018 1154 quos
2036 1059 2148 1132 ha-

127 1157 285 1229 bes.
393 1155 703 1229 Multum
750 1152 1085 1252 dignitatis
1126 1148 1417 1225 afferent.
1523 1154 1859 1234 Plurimos
1895 1154 2141 1232 habes:

134 1254 405 1353 perfice
433 1272 511 1326 ut
539 1251 779 1340 sciant,
829 1271 1156 1347 quantum
1186 1248 1393 1340 inrhis
1427 1272 1613 1346 putes
1644 1254 1788 1323 ess'e.
1847 1249 1875 1298 ⁸
1928 1254 1975 1325 fi
2025 1257 2143 1327 ad-

133 1352 462 1442 duxeri8‚
512 1369 591 1424 ut
618 1349 705 1439 ii,
751 1348 874 1447 qui
905 1372 1045 1421 non
1079 1347 1360 1448 nolunt,
1407 1348 1678 1447 cupiant
1705 1406 1728 1439 ‚
1768 1348 2145 1447 plurimum

131 1451 540 1550 proderunt.
2144 1511 2149 1514 .

249 1561 334 1630 §.-
365 1572 431 1621 2.
478 1549 585 1620 Ae
630 1547 926 1622 multum
966 1546 1163 1627 etiam
1205 1547 1569 1622 novitatem
1617 1567 1801 1623 tuam
1845 1552 2148 1649 adjuvat,
2252 1615 2257 1618 Α

144 1647 349 1748 quod
392 1649 446 1720 e'
506 1646 718 1719 smodi
761 1645 1015 1718 nobiles
1061 1667 1283 1724 tecum
1338 1667 1573 1742 petunt
1600 1705 1622 1739 ‚
1670 1670 1744 1721 ut
1779 1675 1978 1722 nemo
2012 1651 2089 1724 sit
2119 1707 2142 1741 ‚

141 1746 274 1845 qui
305 1673 539 1819 αυᾶξειιῑ
568 1744 790 1824 (ficere
814 1802 836 1835 ‚
894 1743 1046 1840 plus
1092 1744 1220 1817 illis
1250 1744 1663 1844 nobilitatem
1696 1804 1718 1835 ‚
1783 1750 1986 1845 quam
2017 1750 2142 1823 tibi

145 1846 475 1920 virtutem
524 1841 822 1941 prodeffe
868 1862 1192 1938 oportere.
1293 1852 1324 1901 9
1370 1844 1515 1936 Jam
1562 1845 1639 1915 P.
1670 1845 1960 1918 Galbam
1993 1903 2016 1936 ‚
2065 1849 2139 1922 ὃς

148 1943 246 2019 L.
279 1942 617 2031 Caffium,
665 1940 928 2013 summo
963 1939 1115 2013 loco
1147 1959 1366 2031 natm,
1415 1941 1563 2037 quis
1593 1942 1724 2032 est,
1775 1943 1894 2040 qui
1924 1965 2143 2039 petere

144 2040 570 2117 consulatum
602 2038 834 2137 putet?
885 2036 1069 2115 vides
1099 2038 1308 2138 igitur
1336 2038 1740 2134 ampliffimis
1770 2066 1857 2113 ex
1874 2041 2144 2118 familiis
2224 2109 2229 2112 ,

147 2140 493 2230 homines,
550 2149 611 2181 ¹⁰
651 2135 839 2237 quod
872 2134 1007 2208 fine
1037 2137 1253 2210 nervis
1285 2136 1447 2227 sint,
1494 2137 1617 2210 tibi
1651 2164 1833 2233 pares
1872 2164 2014 2210 non
2042 2141 2140 2215 es-

150 2239 236 2312 se.
335 2241 429 2313 At
473 2238 811 2319 Antonius
857 2236 930 2308 &C
980 2236 1270 2310 Catilina
1313 2236 1577 2315 molesti
1640 2237 1810 2320 sunt,
1914 2238 2138 2316 Immo

155 2347 176 2377 ¹
199 2348 216 2381 ¹
261 2337 518 2411 homini
552 2362 775 2426 nov0‚
823 2333 1189 2427 industrio,
1240 2334 1616 2426 innocenti,
1661 2334 1940 2426 disert0,
1989 2363 2138 2447 gra-

149 2435 321 2510 tioso
351 2437 530 2531 apud
560 2460 671 2508 eos
691 2490 713 2523 ‚
759 2432 877 2529 qui
908 2458 1007 2504 res
1032 2434 1334 2529 judicant
1364 2491 1384 2523 ‚
1434 2434 1707 2532 optandi
1742 2455 2140 2531 competito-

127 2559 258 2606 ·res
293 2560 308 2604 ε
364 2532 564 2603 ambo
599 2531 638 2601 a
667 2527 945 2626 pueritia
971 2526 1174 2600 ficarii
1203 2588 1225 2620 ‚
1272 2530 1471 2603 ambo
1507 2532 1836 2605 libidinofi
1867 2589 1889 2622 ‚
1935 2532 2137 2608 ambo

151 2649 440 2730 egentes,
534 2629 799 2701 Eorum
842 2624 1103 2701 alterius
1147 2627 1324 2700 bona
1370 2631 1730 2724 proscripta
1791 2631 2083 2715 vidimus
2116 2685 2159 2726 ,⁴

154 2753 390 2802 vocem
420 2726 709 2823 denique
737 2723 1115 2803 audivimus
1136 2725 1453 2824 juranti8‚
1502 2727 1564 2799 se
1599 2731 1856 2801 Romae
1879 2729 2138 2827 judicio

155 2852 351 2924 aequo
395 2851 554 2898 cum
603 2823 876 2895 homine
918 2823 1172 2897 Graeco
1215 2844 1458 2903 certare
1490 2850 1628 2900 non
1660 2827 1839 2923 posse
1877 2854 1893 2902 :
1949 2827 2022 2900 &
2052 2854 2137 2902 ex

155 2926 367 2997 senatu
395 2924 683 3022 ejeetum
716 2922 976 2994 scimus.
1073 2920 1355 3021 Optima
1385 2945 1547 2996 vero
1579 2923 1928 2998 censorum
1970 2926 2138 2999 exiss

155 3021 486 3097 timatione
514 3023 587 3095 in
617 3039 914 3120 praetura*
935 3020 1443 3119 competitorem
1477 3021 1867 3123 habuimus,
1913 3025 2130 3097 amico

2031 3124 2146 3195 Sa-

219 3267 260 3303 ⁷.
301 3259 589 3317 aflegwxndum
607 3258 1029 3319 3pers'uadendumque
1062 3259 1116 3316 est
1162 3258 1317 3306 minus
1343 3257 1537 3315 ῐοᾶὲςίἱ
1561 3258 1687 3307 enim
1713 3272 1810 3308 non
1834 3258 2019 3315 nolunt,
2056 3263 2138 3325 qui

158 3315 251 3373 iit]
292 3320 390 3363 Vox
418 3317 640 3379 postzema
665 3353 678 3373 ‚
721 3334 819 3366 non
850 3319 912 3366 est
938 3321 984 3366 in
1009 3321 1110 3367 :Pal
1169 3320 1329 3381 ftigide
1355 3322 1531 3368 volunt.
1568 3323 1696 3369 Hem.

160 3389 301 3436 neque
322 3378 572 3427 admodum
597 3380 840 3441 requiritur.
878 3386 1048 3428 Gruter.
1224 3396 1270 3434 9.
1306 3383 1409 3439 Jam
1438 3388 1483 3430 Ρ.
1517 3383 1695 3429 Galbam
1719 3384 1830 3442 dra]
1860 3385 2065 3431 Muretus
2088 3382 2140 3433 d.

217 3446 255 3487 8.
286 3441 336 3486 Si
352 3442 598 3495 adduxeris,
632 3456 677 3489 ut
702 3446 736 3489 ii
757 3448 826 3502 qui
850 3461 927 3488 non
953 3446 1117 3497 nolum,
1165 3456 1263 3504 cap.
1302 3453 1428 3503 putat
1462 3444 1707 3507 legendum
1731 3452 1855 3492 Nam.
1882 3443 1957 3491 sed
1977 3448 2137 3493 contin

45 3524 48 3531 ·
159 3506 341 3557 captatam]
374 3501 448 3548 Est
473 3500 500 3549 ἢ
525 3504 730 3550 Palatino
755 3503 939 3557 nostro,
969 3516 1115 3564 neque
1169 3502 1269 3551 mss.
1295 3516 1405 3555 eum
1426 3516 1580 3553 tamen
1605 3504 1774 3553 secutus
1798 3504 1959 3553 Lamb.
2005 3508 2135 3555 Idem.

163 3562 280 3609 aliter
311 3566 418 3609 eruit
453 3561 480 3617 *e
519 3562 597 3611 suo
630 3565 864 3615 Turnebus
902 3565 976 3612 lib.
1004 3579 1110 3612 xxv.
1230 3580 1302 3612 xo.
1335 3568 1558 3627 Qodstne
1577 3570 1715 3614 nervis
1735 3567 1848 3622 fiat]
1879 3565 2010 3623 Est)
2030 3566 2159 3615 no{-'

161 3634 250 3681 cap.
288 3640 323 3679 3.
365 3622 549 3673 Advetss
584 3624 796 3687 vulgati,
838 3628 966 3687 Qod
977 3627 1021 3683 st
1041 3629 1111 3672 ad·
1167 3630 1245 3674 tris
1270 3624 1391 3674 libris
1424 3629 1476 3677 δε
1517 3627 1730 3676 Turnebi.
1768 3625 2017 3691 publicati,
2058 3633 2134 3693 qui

164 3687 314 3731 duxms
337 3701 381 3734 ut
407 3690 439 3733 n'
458 3690 531 3744 qui
559 3706 633 3734 non
657 3691 802 3734 volunt
820 3692 1002 3745 cupiant,
1033 3701 1108 3734 ne·
1163 3690 1245 3744 sinc
1267 3691 1405 3735 nervis
1418 3691 1533 3745 sunt.
1570 3687 1713 3736 Idem.

165 3757 248 3793 cue
280 3747 400 3797 aliter
435 3748 675 3799 Vistotius.
722 3762 767 3796 at
807 3748 1075 3806 posteriores
1099 3782 1112 3806 ,
1230 3764 1296 3799 ιι.
1338 3754 1504 3797 'Homfm'
1523 3768 1654 3811 ηρυο,
1686 3749 2000 3810 mdustm'o&c.]
2028 3754 2137 3801 Ma-

167 3808 330 3877 Qodfi
349 3812 442 3869 add·
470 3826 516 3862 ut
540 3815 574 3861 ii
594 3815 668 3879 qui
679 3813 842 3868 nolum,
861 3826 908 3861 ut
931 3824 1108 3873 captant.
1159 3811 1280 3863 lebat
1304 3811 1472 3864 Claud.
1496 3815 1747 3872 Puteanus,
1772 3828 1896 3863 navo.
1929 3812 2072 3866 idem.

1298 3892 1390 3947 P3
