2514 4438
745 155 798 182 f

238 315 349 374 nt
396 294 595 374 Lm.
639 285 803 374 111.
853 291 1002 372 Ep,
1058 249 1182 371 Ab
1312 356 1327 370 .
1381 285 1537 372 ΡΒ.)
1583 296 1738 372 Ep,
1784 297 1917 378 IX.
2035 283 2170 414 133

128 395 322 469 serat,
369 397 641 457 nimirum
673 397 754 456 rei
781 395 1159 470 frumentariae
1193 412 1297 457 cau
1340 413 1405 455 a:
1445 394 2171 474 quodlegimusapudDio-

133 491 286 532 nem
323 477 357 533 1.
393 491 592 530 xxxxx.
623 475 679 531 in
714 485 985 531 extrema

201 552 432 638 prpius
464 549 632 624 miscet
653 551 714 629 :]
753 560 914 607 notat
944 549 1191 609 hominis
1223 549 1514 626 ingenium
1548 590 1568 618 ,
1623 548 1897 609 miscentis
1968 551 2115 611 otius
2148 551 2175 625 ‘,'

140 639 323 702 quam
359 625 588 701 agentis,
667 624 845 700 Miscet
874 638 1062 684 autem
1099 668 1117 693 ,
1157 644 1275 684 non
1306 627 1437 703 quia
1471 622 1800 684 distatorem
1836 669 1852 695 ,
1940 627 2008 685 ed
2038 631 2171 705 quia

143 703 388 760 comitia
424 701 605 760 vellet.
639 718 773 759 nam
802 701 859 758 in
894 701 1116 778 epistola
1147 702 1314 779 hujus
1343 700 1464 760 libri
1504 717 1622 760 111.
1670 700 2170 837 Consulessinguit,

142 777 358 836 comitia
389 778 568 836 habere
597 777 820 855 cupiunt.
851 795 1024 852 quarn
1057 776 1227 835 video
1260 778 1515 854 scriptam
1549 776 1671 850 post
1698 794 1984 850 rumorem
2043 799 2073 837 e
2090 775 2175 838 di-

152 849 369 913 cutura
401 866 796 912 natum.rnam
832 852 890 910 in
922 871 985 911 ea
1022 854 1327 912 consulares
1374 855 1452 913 ait
1500 851 1817 912 candidatos
1857 853 1929 912 de
1959 856 2176 916 ambitu

149 930 492 1004 postulatos:
537 932 598 988 δε
627 928 697 988 ad
728 929 981 988 Atticum
1004 971 1021 998 ‚
1061 929 1156 986 ubi
1190 928 1418 989 eosdem
1454 944 1578 985 reos
1595 941 1911 998 memorat,
1931 931 2174 992 odorem

152 1002 264 1064 effe
314 1006 649 1065 nonnullum
698 1004 987 1062 dictaturae
1020 1005 1168 1063 dicit.
1207 1006 1289 1063 At
1328 1023 1401 1065 ue
1425 1003 1539 1061 hoc
1570 1004 1702 1062 ideo
1736 1005 1947 1064 dietum
1977 1009 2175 1080 volui,

150 1100 227 1140 ne
259 1085 386 1159 quis
419 1083 511 1168 Ap
554 1084 672 1140 ium
708 1079 994 1139 distaturae
1031 1123 1047 1149 ,
1073 1091 1260 1158 'quam
1339 1080 1572 1155 ompejo
1605 1080 1849 1140 delatum
1882 1084 1948 1144 ixi
1983 1083 2176 1143 crede-

155 1159 319 1216 batur
351 1202 369 1228 ,
412 1177 478 1216 ex
549 1160 683 1216 'met
713 1157 901 1215 favere
935 1199 954 1227 ,
1009 1158 1140 1234 quia
1168 1155 1342 1216 filiam
1374 1158 1527 1218 suam
1557 1155 1818 1236 Pompeji
1850 1158 1967 1219 filio
2001 1162 2179 1221 collo-

163 1232 327 1292 cass‘et
347 1277 366 1303 ,
405 1246 468 1291 ut
499 1234 574 1292 est
606 1235 664 1291 in
699 1233 832 1291 fam.
2182 1241 2186 1246 ’

175 1329 184 1334 ·
233 1311 431 1389 Parat]
472 1321 534 1368 ut
565 1310 750 1385 legem
787 1310 927 1366 ferat
960 1306 1031 1366 de
1061 1306 1333 1367 dictatura
1369 1351 1387 1378 ,
1427 1326 1558 1368 cum
1584 1308 1793 1368 scilicet
1821 1307 2067 1372 tribunus
2100 1315 2178 1400 pl.

157 1386 281 1444 erit.
317 1404 467 1445 nunc
502 1388 654 1445 enim
687 1385 995 1459 designatus
1030 1395 1160 1442 erat.
1193 1384 1351 1460 quod
1364 1386 1441 1444 ‘in
1474 1385 1696 1461 epistola
1729 1387 1982 1460 proxima
2014 1389 2178 1465 figni-

129 1461 390 1534 *fit-atum
423 1461 499 1520 est
531 1465 589 1521 in
625 1479 698 1520 eo
731 1481 746 1519 t
801 1459 1007 1518 Au'c‘tor
1026 1462 1139 1531 fore
1169 1461 1395 1520 videtur.
1473 1460 1652 1538 Quod
1684 1459 1722 1517 fi
1755 1461 1876 1538 quis
1912 1463 2179 1539 objiciat,
2216 1509 2220 1522 .

160 1538 508 1614 defignatum
544 1536 653 1597 e-ffe
686 1555 802 1596 non
832 1533 1105 1612 potuiss‘e,
1144 1551 1276 1596 cum
1308 1537 1513 1596 Cicero
1536 1535 1776 1595 'comitia
1794 1557 1910 1596 non
1927 1539 2061 1600 dum
2078 1544 2180 1603 ha-

163 1615 274 1673 hita
310 1614 576 1689 figniflcet
609 1635 624 1672 ε
664 1615 707 1672 is
739 1655 755 1682 ,
809 1612 1109 1670 consularia
1139 1612 1369 1689 quidem
1406 1615 1632 1672 comitia
1667 1613 1782 1671 hoc
1812 1633 1961 1673 anno
1994 1617 2181 1682 habita

163 1708 286 1749 non
314 1689 459 1760 effe,
496 1691 788 1748 tribunicia
817 1703 955 1746 vero
988 1685 1096 1746 effe
1128 1690 1309 1763 hahita
1332 1732 1348 1759 ,
1387 1690 1688 1748 abhistoria
1706 1687 1885 1749 discat.
1904 1710 2034 1751 nam
2051 1693 2180 1754 Plu·-

158 1768 376 1826 tarchus
395 1810 413 1835 ,
453 1767 686 1825 Catone
700 1777 941 1840 praetore
961 1807 979 1833 ,
1016 1764 1074 1822 id
1092 1765 1167 1823 est
1182 1765 1295 1823 hoc
1325 1784 1475 1824 anno
1496 1810 1513 1835 ‚
1532 1767 1713 1824 habita
1734 1809 1748 1833 ,
1767 1768 2050 1842 perspicue
2081 1771 2184 1829 de-

165 1844 446 1910 monstrat.
479 1845 538 1901 &
569 1843 659 1901 hic
692 1840 875 1910 noster
904 1840 974 1898 ad
1005 1842 1125 1899 Att.
1158 1859 1243 1917 ep.
1284 1858 1368 1917 ις.
1397 1842 1431 1899 1.
1450 1861 1498 1913 4.
1533 1857 1663 1900 cum
1694 1839 1908 1900 dixiffet
1936 1843 2006 1901 de
2039 1859 2183 1905 coni

158 1915 419 1978 sularibus
452 1919 694 1976 comitiis
730 1938 745 1976 :
793 1917 1023 1974 Comitia
1047 1930 1172 1992 puto
1186 1918 1304 1990 fhre
1334 1932 1397 1973 ut
1426 1917 1685 1974 ducantur
1719 1937 1733 1975 :
1774 1917 1845 1974 de
1874 1918 2181 1982 tribuniciis

162 1995 378 2055 intulit:
421 2004 534 2051 Hac
562 2014 640 2070 ego
663 1993 824 2070 pridie
839 1991 1118 2068 scribebam
1137 2034 1153 2061 ,
1227 2012 1353 2048 uam
1386 1993 1585 2049 comitia
1603 1997 1719 2067 fhre
1739 1993 2082 2070 putabantur.

165 2102 178 2111 κ
244 2072 635 2150 Numerantur]
676 2067 834 2146 quod
867 2077 1022 2126 certo
1045 2068 1166 2144 jam
1219 2068 1593 2146 citetur,·qui
1624 2071 1827 2129 ferenti
1840 2070 2024 2148 legem
2043 2072 2183 2136 Hir·

163 2165 232 2208 ro
262 2148 333 2207 de
369 2147 635 2214 dic’catura
665 2140 1004 2204 interceffuri
1033 2143 1371 2221 vidercntur.
1756 2165 1760 2170 ·
2171 2141 2183 2176 ³

176 2232 190 2251 ’·
238 2230 366 2284 Non
393 2228 571 2304 curat]
612 2222 726 2281 five
754 2221 848 2282 lex
879 2222 1114 2291 feratur,
1152 2219 1268 2280 five
1299 2240 1418 2281 non
1452 2222 1671 2282 feratur.

163 2302 170 2307 ’
239 2304 513 2379 Principes]
553 2299 772 2359 videtur
806 2316 903 2359 eos
935 2298 1234 2374 significare
1253 2340 1272 2369 ,
1311 2316 1453 2378 quos
1487 2300 1547 2359 in
1576 2299 1801 2377 epistola
1816 2303 2076 2380 proxima
2091 2301 2189 2369 boi

165 2378 258 2438 m?
281 2379 616 2437 nominavit.

241 2453 476 2533 Quiefto]
514 2467 572 2512 te
606 2462 912 2519 monente3
953 2460 1017 2508 ut
1050 2450 1363 2511 calamitate
1383 2453 1504 2529 jam
1536 2450 1733 2511 doetus
1763 2453 2078 2517 inimicitias
2094 2459 2183 2519 vi-

167 2541 302 2590 tem.
334 2529 524 2605 supra:
567 2537 630 2586 ln
662 2529 802 2585 omni
819 2527 1036 2604 samma
1056 2568 1074 2595 ,
1111 2542 1173 2584 ut
1205 2545 1374 2584 mones
1389 2568 1407 2597 ,
1447 2526 1599 2584 valde
1631 2546 1709 2584 me
1724 2530 1795 2585 ad
1809 2530 2182 2608 otiumpacem-

162 2624 255 2685 qne
286 2606 540 2664 converto.
627 2635 636 2643 ’
1292 2670 1295 2673 Δ
1602 2616 1609 2621 ’
2178 2603 2185 2610 ’

237 2681 526 2760 Mancipiis]
568 2679 639 2740 ad
666 2697 761 2738 me
792 2677 1076 2738 mittendis
1093 2720 1111 2748 ‚
1130 2678 1349 2738 Gallico
1366 2689 1461 2738 aut
1477 2678 1796 2738 Britannico
1814 2679 1959 2739 bello
1991 2683 2187 2760 mptis.·
2203 2699 2219 2713 ‘

243 2759 564 2837 Inftequens]
608 2774 738 2815 cum
767 2757 955 2831 paucis
970 2747 1280 2815 admodum
1299 2756 1605 2832 mancipiis.
1620 2773 1738 2835 quo
1757 2757 1930 2832 magis
1944 2769 2005 2817 te
2020 2776 2185 2833 amog

166 2836 332 2915 quia,
409 2834 527 2893 uod
558 2833 698 2892 mihi
727 2849 870 2908 opus
901 2830 1011 2899 est,
1050 2830 1107 2889 id
1177 2831 1425 2891 ollicetis.
1920 2860 1932 2873 »

188 2930 196 2937 ·
240 2920 378 2969 Facu
399 2912 532 2990 tate]
575 2909 712 2968 nihil
744 2918 807 2966 ut
839 2925 967 2966 mea
998 2924 1101 2965 cau
1143 2926 1175 2966 a
1206 2925 1360 2969 cures
1381 2951 1399 2978 ,
1436 2906 1536 2967 nili
1552 2907 1706 2986 quod
1725 2909 1985 2970 facillime
2001 2911 2191 2989 pofiis:

241 2989 344 3061 Ista
373 2987 517 3049 odia'l
558 2985 630 3044 de
662 2985 860 3063 quibus
902 2982 972 3043 ad
1004 2983 1324 3044 me'scribis.
1356 2986 1485 3062 quia
1518 2985 1809 3055 Vatinius,
1847 2986 2039 3047 litteris
2056 2990 2180 3049 Ro·-

163 3072 255 3124 ma
280 3062 353 3122 ad
386 3053 666 3121 Caesarem
698 3061 864 3120 miffis
897 3102 915 3129 ,
1009 3075 1349 3138 uaecumque
1379 3060 1590 3119 diceret·
1619 3075 1879 3137 agcretve
1918 3064 2122 3123 Cicero
2155 3108 2177 3136 ,

167 3152 456 3216 tamquam
494 3139 811 3214 explorator
842 3134 976 3212 figni
1019 3135 1188 3195 cabat.
1219 3155 1291 3195 ex
1320 3155 1437 3214 quo
1453 3135 1733 3212 Quin6tus
1749 3179 1767 3208 ,
1804 3139 1995 3198 litteris
2012 3140 2076 3199 iis
2092 3142 2203 3207 in·-¹

167 3215 358 3292 spestis
378 3257 396 3285 ,
435 3214 506 3273 de
537 3214 677 3274 odio
710 3212 851 3272 illius
884 3213 943 3270 in
973 3213 1234 3271 Marcum
1283 3214 1542 3290 conjecit.
2026 3214 2037 3237 ⁸
2188 3216 2195 3223 ’

243 3292 597 3371 concoquam]
638 3289 852 3367 prorsus
883 3289 1108 3348 minimi
1139 3289 1342 3348 faciam
1362 3331 1381 3360 ,
1420 3289 1580 3348 facile
1610 3289 1804 3349 feram.
1822 3287 1927 3359 fic,
1963 3290 2191 3368 devora-j

169 3384 222 3425 n
248 3366 518 3426 hminum
549 3365 761 3442 ineptias
776 3407 794 3434 ,
833 3365 893 3423 in
925 3363 1117 3423 Bruto,
1674 3420 1681 3425 .

247 3446 466 3528 affl]
509 3460 753 3520 poema:
791 3440 867 3501 de
894 3456 1013 3519 quo
1044 3443 1104 3499 in
1134 3440 1360 3518 epistola
1393 3441 1668 3517 proxima,

241 3528 582 3605 locupletem]
626 3529 718 3586 cui
749 3545 945 3589 meum
980 3530 1127 3598 fx&-
1158 3529 1302 3588 bene
1334 3528 1601 3591 credatur.
1625 3531 1824 3607 jocus:
1865 3528 1997 3606 quia
2028 3523 2190 3588 miffa

166 3627 201 3669 a
219 3610 487 3689 ‘Quinao
518 3612 766 3688 Erigona
797 3610 1064 3687 tragoedia
1096 3615 1332 3688 perierat
1361 3615 1417 3672 in
1451 3613 1649 3675 itinese
1669 3658 1686 3683 ‚
1725 3606 2187 3687 tab‘ellaxiiculpa.

168 3685 301 3745 ideo
334 3688 476 3747 dixit
508 3689 568 3748 in
601 3689 824 3765 epistola
842 3730 859 3759 ,
901 3690 1171 3762 Quattuor
1186 3690 1295 3749 &c.
1327 3692 1605 3766 Erigonam
1628 3689 1757 3748 mihi
1782 3688 1938 3747 velim
1969 3688 2150 3745 mittas
2171 3709 2191 3748 ι

170 3780 299 3849 cum
321 3775 549 3837 tamen,
601 3783 728 3826 eam
755 3767 1042 3842 aliquanto
1073 3779 1201 3826 ante
1236 3762 1453 3839 miffam
1484 3764 1593 3828 effe
1612 3809 1630 3839 ,
1661 3768 1780 3846 jam
1803 3763 2191 3842 significaverit

167 3853 224 3901 m
257 3840 482 3922 epistola
511 3842 671 3920 hujus
701 3842 826 3903 libri
852 3841 1048 3918 prima.
1236 3914 1293 3979 K
1370 3846 1375 3847 ’
1804 3866 1813 3873 ·
2082 3921 2131 3974 C

1330 3934 1367 3979 2
2134 3932 2196 3977 aa
