2514 4438
286 232 363 314 ni
534 204 1011 301 “aua
1106 225 1189 301 N
1277 223 1371 301 U
1467 222 1544 297 T
1639 224 1816 301 21-1

292 388 431 459 tam
472 363 980 447 difficultatibus
1006 419 1030 456 ‚
1083 363 1428 439 veritatem
1458 419 1512 456 ‚.
1544 364 1621 443 δί
1653 363 1909 537 Ἢ
1923 363 2073 447 ,fibi
2117 381 2320 463 atque

294 469 459 545 a'deo
491 467 791 541 multum
822 463 951 538 ess‘e
980 461 1426 565 quaerendum
1473 462 1777 537 existima
1908 484 1956 537 t.
2058 462 2324 557 Eadem

298 590 483 643 nunc
517 623 542 658 ‚
619 582 735 639 aut
781 583 957 637 certe
1001 560 1233 636 similis
1273 560 1645 636 admodum
1693 562 1916 636 nostra
1983 561 2153 637 ratio
2199 559 2326 635 est.

298 664 696 764 Qaerimus
732 660 802 735 id
817 718 843 751 ‚
887 659 1076 760 quod
1105 658 1179 732 in
1212 658 1456 737 Latina
1504 661 1739 763 lingua
1780 659 2157 761 perfectum
2243 687 2331 759 ug·

300 783 542 849 tamus,
571 786 715 836 non
741 758 1180 860 assequemur.
1210 758 1394 839 esto:
1447 780 1914 835 verumtamen
1930 816 1954 851 ,
1969 785 2112 859 quo
2146 784 2195 858 p
2223 785 2334 853 us,

302 883 385 947 ut
410 860 825 961 ass‘equamur
838 915 863 951 ‚
910 856 1453 933 contenderimus
1468 916 1491 949 ‚
1535 884 1619 932 eo
1651 857 1896 933 scilicet
1924 856 2205 956 propius
2222 915 2247 951 ‚
2275 854 2330 934 fi

357 959 479 1035 uid
508 958 730 1034 studio
760 955 1154 1055 proficitur,
1197 957 1607 1032 accedemus.
1697 961 1796 1031 At
1827 955 2072 1030 laboris
2109 956 2186 1028 &
2220 958 2331 1031 in·

307 986 583 1138 Eustriae
612 1055 938 1133 terminus
967 1075 1189 1128 tamen
1223 1055 1606 1128 statuendus
1631 1056 1868 1156 aliquis
1917 1055 2034 1127 est.
2083 1046 2334 1129 concc-

311 1158 406 1231 do
441 1184 460 1229 ε
514 1155 626 1232 sed
662 1155 795 1227 hoc
828 1154 1106 1253 quidem
1137 1211 1162 1245 ‚
1207 1153 1260 1226 fi
1289 1154 1643 1255 diligenter
1681 1153 2055 1229 attendatur
2085 1212 2110 1248 ,
2158 1153 2336 1229 nihil

311 1254 497 1331 aliud
525 1254 624 1328 est
653 1313 697 1349 ‚U
723 1278 930 1351 quam
1007 1251 1335 1326 erfectum
1364 1251 1582 1352 ipsum
1618 1252 1918 1335 definire.
1967 1253 2099 1327 hoc
2144 1253 2338 1329 enim

312 1354 398 1431 ad
427 1378 648 1427 unum
676 1352 887 1425 nostri
918 1351 978 1425 la
1075 1376 1176 1425 res
1209 1350 1651 1427 intenduntur
1687 1381 1705 1427 :
1760 1352 1893 1426 hoc
1939 1377 2158 1447 unum
2208 1356 2340 1431 nos-

315 1452 451 1531 stra
480 1451 727 1552 speEtat
753 1449 1098 1525 industria.
1147 1450 1524 1549 perfectum
1556 1472 1776 1527 autem
1807 1449 2026 1549 ipsum
2056 1475 2189 1552 ego
2207 1440 2342 1525 mi*-

320 1551 394 1629 hi
438 1548 745 1624 certe.ab
803 1546 1195 1622 hominibus
1235 1549 1332 1622 im
1454 1549 1561 1624 itis
1605 1548 1872 1624 definiri
1915 1549 2100 1622 nolo,
2163 1548 2343 1624 defi-

321 1648 510 1725 niant
538 1648 624 1740 ii,
670 1644 920 1750 quibus
939 1665 1099 1719 utor
1127 1574 1494 1746 magiiffixs,
1541 1648 1828 1742 Cicer0,
1875 1647 2138 1738 Caesar,
2187 1649 2343 1721 Te-

319 1747 575 1823 tentius
601 1804 624 1838 ,
670 1743 951 1821 Plautus
986 1775 1008 1837 3
1075 1769 1375 1847 quorum
1423 1772 1510 1819 ex
1553 1746 1739 1821 libris
1769 1804 1793 1838 ‚
1859 1752 2015 1847 quae
2065 1744 2346 1821 Latinae*

321 1845 581 1946 linguae
626 1843 707 1918 fit
752 1842 1077 1945 elegantia
1104 1900 1129 1935 ,
1175 1870 1332 1945 quae
1378 1844 1638 1931 ubertas
1665 1904 1690 1938 ‚
1757 1872 1915 1944 quae
1944 1846 2045 1921 vis
2076 1905 2099 1938 ‚
2144 1845 2347 1919 facile

326 1945 598 2043 poss'um
644 1942 1018 2043 intelligere
1042 1999 1067 2033 ‚
1115 1968 1274 2041 quae
1320 1942 1369 2016 fi
1399 2001 1423 2035 ,
1468 1969 1611 2018 non
1653 1944 1809 2019 dico
1900 1964 2096 2018 uanta
2124 1943 2283 2018 sunt
2322 2004 2350 2037 ,

337 2042 704 2135 (immensa
735 2040 918 2115 enim
947 2042 1077 2115 effe
1110 2040 1358 2135 video)
1409 2041 1517 2114 sed
1566 2041 1615 2114 fi
1662 2068 1735 2115 ea
1781 2043 1879 2118 mi
1928 2042 2228 2143 imagna
2253 2067 2355 2118 cx

326 2162 514 2243 parte
563 2139 1037 2240 comparassem
1073 2171 1093 2232 3
1143 2140 1429 2213 modum
1457 2139 1736 2230 *forcaffe
1782 2140 2066 2216 facerem
2116 2141 2355 2216 studio

329 2267 486 2315 meo
523 2268 540 2318 ε
593 2237 703 2313 sed
735 2295 759 2332 ‚
805 2258 884 2313 ut
915 2238 1086 2320 inter
1116 2238 1240 2312 hos
1275 2295 1298 2330 ,
1395 2239 1469 2313 ui
1501 2265 1688 2314 nunc
1722 2240 2358 2334 hominesvivunt‚

244 2333 248 2342 ’
325 2337 583 2513 aliiquid
622 2337 749 2448 effe
777 2336 1127 2413 videamur
1159 2394 1207 2430 ,,
1227 2337 1374 2411 nihi
1435 2360 1706 2450 tamen?
1727 2340 1807 2451 ‚fi
1837 2365 1994 2416 vere
2022 2341 2106 2415 de
2139 2337 2355 2428 nobis

330 2465 535 2615 &212⁵ss
541 2436 735 2612 333?
717 2434 1213 2610 {init‘sshsscssiussa’
1223 2437 1590 2640 ffisssssssi
1614 2461 2357 2640 ‘3351’13335331332

334 2646 582 2718 lamus.
637 2662 876 2736 quare,
926 2660 1067 2735 quo
1141 2636 1226 2710 ad
1252 2633 1682 2710 scribendum
1707 2635 1974 2730 attinet,
2021 2634 2358 2728 habemns

334 2737 604 2818 abunde
617 2793 641 2829 ‚
737 2735 876 2811 uod
908 2734 1269 2809 imitemur.
1366 2734 1478 2807 De
1515 2737 1989 2827 pmnunciatione
2019 2737 2356 2815 veromi„

335 2837 604 2916 nimum
651 2834 714 2905 la
761 2858 908 2907 oro,
958 2832 1126 2931 quid
1157 2833 1338 2906 enim
1375 2834 1403 2906 ?
1453 2858 1539 2905 an
1571 2855 1882 2932 putamus
1912 2833 1989 2908 in
2026 2833 2294 3008 Ἠῶ
2331 2900 2359 2934 ,

252 2993 255 2996 -
335 2935 460 3045 qui
495 2953 647 3006 tum
680 2932 942 3004 Romae
969 2929 1288 3005 vivebant
1317 2988 1340 3022 ‚
1385 2930 1661 3005 eandem
1708 2933 2043 3030 pronunci
2182 2933 2195 2946 “
2225 2963 2358 3020 ,ra-

294 3041 591 3108 ‘nonem
621 3028 814 3102 fuisse
847 3028 876 3100 ?
927 3053 1070 3101 non
1099 3026 1248 3101 fuit.
1299 3028 1727 3103 confluebant
1755 3030 1830 3104 in
1858 3029 2097 3105 urbem
2124 3089 2148 3124 ‚
2205 3033 2366 3122 ille.

333 3129 435 3207 &i
480 3128 592 3228 spe
638 3128 1058 3201 summorum
1106 3152 1211 3200 ma
1266 3126 1613 3200 istratuum
1643 3184 1667 3220 ,
1729 3127 1920 3226 quod
1950 3128 2182 3208 habuit
2213 3129 2360 3213 illis

338 3225 757 3326 temporibus
793 3225 1152 3323 praemium
1195 3150 1579 3324 §oquentia
1609 3282 1644 3316 ,.
1677 3246 1965 3302 oratores
1993 3288 2018 3322 ‚
2060 3253 2162 3328 ex·
2192 3232 2362 3326 uni-

337 3327 524 3402 versa
561 3324 761 3400 Italia.
810 3324 1055 3399 muffas
1091 3323 1377 3424 agebant
1420 3325 1730 3400 Romani
1760 3327 2069 3401 homines
2108 3330 2363 3439 pariter

337 3426 415 3506 ὃς
458 3421 794 3524 peregrini
823 3479 848 3515 ,
888 3421 1055 3498 sono
1103 3422 1294 3498 vocis
1341 3421 1677 3522 diffimiles
1708 3483 1733 3519 ‚
1791 3427 2361 3524 pronunclatione

337 3521 616 3610 diver-fi:
673 3520 855 3596 suam
883 3541 1106 3601 tamen
1182 3520 1455 3621 uisque,
1503 3548 1630 3622 pro
1651 3552 1770 3617 eo,
1817 3546 2149 3623 quantum
2165 3528 2380 3629 quiss'

222 3633 229 3638 “
337 3650 471 3723 que
500 3618 757 3701 valebat
782 3619 1061 3720 ingenio
1076 3679 1100 3714 ‚
1206 3620 1413 3722 udem
1446 3619 1713 3697 ferebat.
1760 3624 1812 3696 fi
1846 3622 2150 3700 Curibus
2179 3627 2356 3702 edu..

329 3742 555 3810 catum
587 3779 611 3825 ‚
669 3738 787 3806 aut
813 3720 1061 3830 Arpini
1088 3761 1138 3824 ,-
1176 3742 1480 3807 amntem
1513 3720 1588 3805 in
1616 3718 1769 3806 foro
1800 3717 2058 3806 audires
2086 3784 2111 3826 ,
2157 3724 2359 3800 Sabi..

230 4175 315 4228 *x
