2514 4438
400 255 498 330 'm
548 252 893 354 Qcm.
946 272 1070 325 nn
1121 247 1447 334 Peme.
1495 249 1906 331 Consus.
2066 254 2211 351 '275

188 371 389 431 omnia
417 389 450 431 a
479 371 670 448 primo
702 368 882 429 verbo
910 366 1204 440 iristittaendi
1220 367 1389 444 sant3
1432 369 1771 445 magistratus
1802 370 1911 430 scil.
1945 370 2214 441 consules,

190 447 399 507 tribuni
429 448 639 524 plebis3
676 457 802 505 tum
831 445 1092 516 homines
1123 445 1419 503 excellenti
1447 447 1637 522 gratia.
2042 495 2047 501 .
2220 505 2227 508 ι

273 543 282 559 ²
328 524 366 581 d
394 523 756 598 conficiendum
789 521 1075 590 centuriam
1112 520 1337 578 homines
1367 522 1623 578 excellenti
1647 524 1851 602 gratia]
1892 523 1986 582 hic
2016 521 2215 581 definit

186 602 424 659 tertium
459 599 795 660 membrum.
872 597 1157 656 Homines
1191 598 1483 656 excellenti
1516 600 1688 673 gratia
1723 641 1755 675 ‚f
1778 601 1839 658 hi
1867 600 2029 666 sunt3
2068 615 2213 675 quos

183 676 463 751 gratiosos
489 677 548 735 in
580 672 845 749 suffiagiis
876 683 1073 732 vocat:
1118 672 1239 730 Cic.
1273 690 1361 748 ep.
1394 673 1773 733 6.lib.z.fatn'.
1800 675 2098 734 Conficere
2116 686 2216 732 au-

190 762 317 812 tem
349 752 515 812 alicui
548 753 818 812 centurias
838 793 855 820 ,
897 748 972 807 est
1006 748 1226 807 efficere
1246 789 1265 815 ‚
1303 758 1367 805 ut
1399 751 1667 808 centuriae
1698 751 1861 810 alicui
1877 753 1931 810 in
1950 751 2216 826 suffragiis

191 829 428 888 faveant
460 848 474 887 ε
512 827 586 886 fic
619 844 706 902 ep.
744 826 828 886 16.
859 824 949 884 lib.
985 842 1037 883 2.
1067 826 1202 885 farn.
1234 825 1386 883 mitte
1412 826 1484 882 ad
1516 827 1692 902 lespiam
1727 851 1745 897 ς
1802 841 1863 885 ut
1892 828 1936 885 is
1967 827 2103 885 nobis
2130 843 2215 884 eas

195 905 453 962 centurias
481 902 734 977 conficiat.
1005 943 1022 954 .*
1191 948 1195 952 .
1390 975 1391 978 Ἴ

109 1027 116 1036 .
270 980 385 1054 Qu·
413 980 601 1037 tribuet
632 979 943 1058 centuriam]
987 980 1048 1038 δε
1074 972 1165 1037 hic
1186 977 1506 1041 locusmale
1521 983 1575 1040 se
1590 981 1791 1050 habet,
1828 996 1937 1039 nec
1953 973 2212 1050 medium

189 1055 374 1114 adhuc
405 1067 622 1115 certum
654 1053 845 1115 naeus
875 1055 984 1127 est.
1059 1050 1175 1130 ξζᾳι·
1206 1055 1396 1114 tribuet
1430 1057 1506 1116 est
1536 1059 1609 1116 in·-
1628 1058 1772 1116 liuris
1807 1058 2041 1136 vulgatis
2075 1079 2092 1124 ;
2149 1059 2211 1118 in

189 1131 398 1208 scriptis
418 1165 436 1200 ς
510 1133 566 1189 ui
594 1133 686 1190 abs
716 1147 764 1189 te
794 1129 1122 1189 tribuniciam
1154 1146 1254 1187 aat
1285 1135 1570 1191 centuriam
1607 1152 1620 1191 t
1663 1145 1825 1191 corru
1865 1139 1971 1190 τίς
2011 1132 2103 1191 sed
2135 1132 2211 1192 fic

189 1154 647 1276 emendangum
688 1209 780 1286 qui
808 1207 899 1264 abs
922 1222 969 1264 te
998 1205 1192 1263 tribum
1210 1208 1332 1283 jam
1363 1210 1774 1290 aut'centuriam.
1815 1150 1960 1267 iiem
1975 1209 2029 1266 se
2072 1212 2211 1269 ueni

187 1285 271 1342 tia
303 1287 420 1343 non
450 1301 569 1343 uno
603 1284 784 1342 modo
818 1285 1112 1358 leguntur;
1153 1282 1247 1340 sed
1277 1281 1732 1344 omninomale:
1775 1302 1909 1359 ergo
1941 1301 2010 1342 ex
2069 1288 2213 1362 crip-

192 1360 262 1418 tis
295 1360 368 1419 fic
397 1359 685 1420 emendari
714 1356 975 1435 poffunt;
1014 1372 1114 1414 aut
1145 1358 1353 1437 aliquod
1385 1360 1674 1435 beneficium
1701 1362 1849 1433 aliud
1879 1361 2209 1432 habuerunt,

195 1452 295 1494 aut
327 1452 388 1494 ut
419 1436 679 1505 habeant,
707 1436 955 1512 sperant3
995 1453 1071 1490 eos
1100 1435 1210 1492 &c.
1241 1435 1357 1503 hoc
1387 1455 1595 1513 nempe
1625 1438 1777 1497 sensu
1796 1458 1814 1504 3
1834 1438 1977 1495 inter
1995 1449 2212 1498 ceteros

190 1514 438 1582 amicos,
477 1514 582 1572 hos
614 1514 896 1588 praecipue
929 1527 1191 1584 compara
1229 1511 1292 1569 &
1323 1514 1594 1573 confirma
1613 1557 1629 1583 ,
1668 1515 1767 1591 qui
1800 1514 1891 1572 abs
1925 1524 1982 1573 te
2000 1512 2212 1572 benefi-

191 1589 349 1648 cium
380 1589 610 1667 aliquod
641 1588 988 1663 acceperint:
1031 1586 1092 1643 &
1123 1586 1180 1644 in
1211 1587 1327 1646 hoc
1360 1592 1606 1649 maxime
1636 1608 1841 1666 genere
1861 1634 1878 1661 ,
1918 1590 1976 1649 in
2010 1607 2127 1666 quo
2144 1601 2213 1649 tu

194 1681 293 1725 eos
323 1665 424 1725 tibi
458 1666 611 1742 cupis
639 1663 931 1740 gratificari
966 1704 984 1732 ,
1022 1673 1085 1719 ut
1115 1663 1215 1739 qui
1247 1664 1305 1721 in
1339 1665 1444 1725 suis
1477 1667 1837 1742 petitionibus
1869 1710 1887 1737 ,
1942 1665 2079 1725 olim
2111 1673 2211 1726 aut

191 1742 401 1801 tribum
431 1743 675 1820 aliquam
704 1741 920 1801 tributis
952 1738 1196 1798 comitiis
1213 1780 1230 1808 ,
1271 1752 1366 1799 aut
1397 1744 1704 1803 centuriam
1721 1745 2036 1803 centuriatis
2056 1785 2074 1812 ,
2112 1755 2212 1803 tua

195 1829 371 1893 opera
400 1819 709 1878 habuerint.
2079 1866 2085 1874 .

271 1902 395 1952 Aut
424 1893 485 1953 ut'
514 1896 772 1965 habeant,
802 1895 1039 1975 sperant]
1080 1881 1158 1955 in‘
1170 1895 1489 1972 posterum;
1530 1894 1567 1952 fi
1580 1895 1701 1972 jam
1719 1905 1849 1955 ante
1866 1911 1983 1956 non
2000 1895 2221 1955 habue-¹

191 1971 324 2029 rint.
402 1972 553 2031 Nam
588 1973 647 2031 δε
676 1973 863 2048 paullo
895 1972 1017 2048 post
1050 1992 1064 2031 :
1105 1980 1179 2029 Et
1191 1999 1200 2008 x
1199 1972 1287 2049 spe
1318 1973 1627 2060 reliquorum
1659 1979 1868 2029 ‘tuorum
1899 1972 2214 2045 officiorum;

194 2065 268 2108 ο·
297 2047 567 2105 recentibus
597 2046 835 2123 beneficiis
865 2050 972 2106 &c.
1012 2049 1164 2107 Nam
1198 2065 1331 2107 curn
1362 2050 1479 2108 aliis
1511 2048 1582 2107 de
1611 2048 1797 2107 cauffis
1826 2046 1897 2106 ad
1912 2048 2212 2124 suffragans

190 2121 255 2181 di
287 2122 528 2183 studium
564 2124 841 2183 ducuntur
872 2125 1133 2184 homines
1152 2167 1167 2192 ,
1204 2136 1331 2186 tum
1363 2125 1447 2184 his
1477 2123 1685 2184 duabus
1740 2124 2210 2200 raecipue,bene-

187 2199 327 2259 ficio
361 2200 421 2259 &
450 2201 573 2277 spe:
613 2215 676 2261 ut
705 2202 939 2278 ipsemet
970 2200 1134 2261 dicet.
1177 2200 1286 2260 Sed
1292 2202 1414 2279 jam
1433 2197 1628 2262 o'mnia
1644 2142 1969 2261 subscribam
1993 2244 2010 2271 ,
2041 2210 2213 2277 prout

187 2277 426 2351 legenda
460 2276 568 2339 effe
598 2290 754 2354 puto·
794 2278 1019 2337 Deinde
1053 2278 1373 2338 instituendi
1403 2280 1528 2337 sunt
1557 2279 1961 2355 cujuscumque
1992 2280 2212 2353 generisi

188 2355 364 2412 amici
400 2374 413 2412 :
454 2355 526 2413 ad
557 2355 798 2431 speciem
836 2397 854 2424 ‚
893 2354 1155 2414 homines
1188 2356 1411 2415 illustres
1443 2357 1665 2412 honore
1700 2371 1766 2412 ac
1798 2356 2069 2421 nomine;
2109 2355 2213 2433 qui

95 2432 102 2441 “
188 2430 408 2489 etiamsi
437 2431 768 2506 suffragandi
796 2431 969 2488 studia
1000 2449 1116 2489 non
1152 2443 1359 2488 navant
1380 2473 1396 2498 ,
1435 2446 1612 2486 tamen
1643 2429 1868 2503 afflrunt
1888 2430 2093 2505 petitori
2112 2432 2213 2486 aliss

185 2507 317 2585 quid
341 2507 606 2583 dignitatis
641 2527 654 2564 ε
693 2506 1047 2581 adjustitiam
1080 2505 1407 2563 obtinendum
1440 2548 1456 2574 ,
1495 2504 1855 2580 magistratus-5
1895 2525 1960 2562 ex
1991 2505 2173 2582 quibus
2191 2550 2211 2579 ,

183 2583 419 2642 maxime
450 2582 667 2658 consules
700 2625 717 2650 ,
755 2581 929 2638 deinde
961 2579 1156 2638 tribuni
1216 2581 1334 2639 lebis
1363 2602 1378 2640 ι
1417 2582 1489 2637 ad
1521 2580 1875 2653 conficiendum
1907 2582 2159 2637 centurias
2191 2597 2211 2652 ᾗ

182 2659 415 2719 homines
441 2657 697 2717 excellenti
719 2658 914 2734 gratia.
993 2658 1104 2732 Qi
1132 2677 1167 2713 a
1200 2679 1224 2714 s
1254 2673 1302 2714 te
1336 2658 1530 2715 tribum
1552 2658 1673 2732 jam
1700 2659 2094 2713 aut-centuriam
2111 2675 2213 2716 aut

179 2735 399 2813 aliquod
429 2734 714 2808 beneficium
730 2734 875 2790 aliud
888 2732 1163 2791 habuerint
1179 2775 1195 2801 ,
1211 2749 1309 2791 aut
1323 2749 1386 2791 ut
1402 2733 1634 2791 habeant
1652 2775 1669 2803 ,
1696 2733 1911 2813 sperant
1927 2773 1945 2803 ,
1978 2738 2215 2810 emptor-2

166 2812 271 2890 sus
304 2826 594 2889 magnopere
626 2823 858 2886 compara
891 2827 958 2870 <9¹
983 2809 1245 2882 confirma.

189 2941 197 2953 ,
270 2897 417 2946 Nam
438 2901 527 2965 per
559 2887 647 2945 hos
679 2906 850 2943 annot
875 2884 1099 2943 homines
1128 2884 1341 2943 ambitio
1362 2906 1381 2941 i
1471 2885 1614 2945 ratio
1647 2885 1909 2963 quaedani
1941 2885 2069 2945 haec
2097 2886 2214 2960 est}

177 2964 248 3025 in
284 2983 392 3042 qua
424 2964 560 3023 inest
588 2973 980 3038 argumentum
1011 2981 1043 3020 a
1078 2963 1320 3043 minori:
1384 2980 1403 3019 1
1434 2962 1711 3021 ambitiofi
1743 2964 2004 3023 homines
2037 2965 2212 3023 vehe-·

181 3052 416 3105 menter
446 3042 764 3101 laborarunt
797 3082 816 3109 ,
856 3042 919 3097 ut
952 3056 983 3097 a
1016 3038 1121 3097 suis
1153 3038 1438 3105 tribulibus
1470 3039 1833 3113 impetrarent
1860 3038 2017 3117 quod
2053 3053 2213 3115 pete-

181 3130 355 3185 rent,
394 3136 537 3194 quos
569 3115 867 3177 verifimile
898 3114 972 3174 est
1003 3114 1150 3174 ultro
1183 3116 1374 3174 favere
1391 3113 1632 3173 debuiffe
1648 3141 1666 3181 ;
1706 3128 1919 3191 quanto
1941 3119 2115 3190 magis
2132 3117 2213 3176 lass

178 3193 614 3261 borandumest
643 3195 839 3263 nobis,·
876 3202 940 3250 ut
972 3191 1124 3251 idem
1157 3191 1227 3249 ab
1256 3192 1447 3251 alienis
1479 3190 1800 3249 hominibus
1833 3191 2115 3250 illustribus
2149 3194 2212 3252 &t

180 3268 440 3349 gratiosis
470 3270 843 3329 obtineamus.
881 3278 979 3326 Per
1009 3267 1097 3324 hos
1125 3287 1289 3324 annos
1305 3306 1322 3336 ,
1361 3268 1580 3344 inquit,
1599 3267 1780 3345 quibus
1793 3268 2022 3325 ambitus
2035 3270 2213 3325 maxiss

182 3366 274 3406 me
294 3346 522 3418 ferveret
540 3388 558 3415 ‚
596 3366 714 3404 cum
740 3361 897 3403 antea
929 3344 1060 3401 idem
1086 3343 1201 3416 fieri
1216 3364 1321 3401 non
1341 3344 1536 3420 sceleret.
1613 3345 1862 3421 Hocque
1883 3344 2214 3419 fignificatur

186 3425 256 3481 in
288 3439 340 3478 2.
369 3420 563 3496 Philip.
594 3424 690 3480 ubi
724 3422 832 3489 est,
873 3438 990 3477 cum
1021 3420 1311 3491 consulatus
1330 3418 1598 3495 petebatur
1616 3463 1631 3488 ,
1671 3435 1774 3476 non
1807 3423 2097 3494 rogabatur.

191 3552 198 3557 ,
275 3497 593 3554 Vehementer
626 3499 767 3555 omni
788 3496 985 3573 studio]
1024 3495 1098 3553 fic
1126 3495 1351 3554 videtur
1382 3493 1596 3555 dietum
1626 3494 1757 3554 fine‘
1775 3500 1972 3571 copula
1996 3541 2014 3568 ‚
2053 3506 2116 3555 ut
2147 3497 2212 3556 il-

181 3571 286 3633 lud
301 3616 318 3643 ,
358 3572 678 3631 vehementer
697 3617 714 3644 ,
753 3575 907 3631 etiam
939 3586 1095 3650 atque
1122 3573 1297 3629 etiam.
1537 3590 1544 3599 ⁴

270 3650 430 3708 Omni
450 3649 619 3723 studio
649 3665 805 3729 atque
837 3652 994 3726 opere]
1037 3647 1309 3725 aliquibus
1338 3648 1559 3708 videtur
1573 3666 1767 3725 parum
1786 3649 1955 3708 latnie
1972 3647 2211 3721 diorum}

193 3727 334 3783 omni
365 3739 498 3803 opere
528 3725 789 3795 laborare,
830 3727 891 3783 &
921 3735 1063 3800 opera
1095 3724 1358 3783 mallent:
1400 3727 1474 3784 est
1506 3726 1747 3784 omnino
1779 3726 2024 3785 usitatius
2056 3728 2169 3785 hoc
2186 3742 2206 3796 ;·

192 3801 291 3887 §ecl
322 3819 510 3883 neque
557 3800 693 3887 illufl
720 3798 1101 3883 damnandum
1133 3843 1151 3877 ,
1195 3800 1300 3867 nifi
1309 3801 1482 3941 {orte
1516 3803 1663 3863 male
1693 3802 1953 3864 locutum
1986 3804 2213 3888 Teren-

2061 3892 2209 3939 num
