2514 4438
726 201 1834 297 LtnssRanuus.
2175 232 2232 311 9

175 330 567 413 hominum
614 334 1112 425 perpaucorum
1149 381 1174 417 ‚
1226 323 1284 396 fi
1335 323 1457 423 qui
1505 326 1660 431 sunt
1702 347 1928 405 vetere
1956 326 2234 404 Giaecia

177 432 417 537 dignh
516 439 543 469 ²
561 437 579 469 ¹
637 423 754 498 Sic
781 423 946 499 vero
973 421 1233 498 fallaces
1262 424 1419 498 sunt
1447 428 1764 522 permulti
1793 428 1869 503 &
1901 428 2121 519 leveS,
2148 429 2229 502 &

178 536 520 623 diumrna
563 523 884 599 servitute
900 562 907 567 ·
925 522 1021 617 adw
1068 522 1351 597 nimiam
1402 522 1900 601 affentationem
1955 527 2230 602 eruditi.

183 657 372 735 quos
413 651 553 728 ego
612 621 965 698 universos
1020 622 1324 697 adhiberi
1375 622 1733 697 liberaliter
1777 683 1801 716 ,
1881 628 2228 726 optimum

197 751 552 831 quemque
585 719 882 820 hospitio
910 721 1329 821 amicitiaque
1379 733 1445 789 ²2²
1483 724 1813 824 conjungi
1837 727 1997 800 dieo
2025 753 2071 801 o
2165 726 2282 799 r&
2343 780 2350 785 -

194 852 346 905 tere
384 856 406 901 z
455 822 690 898 nimiae
719 818 1186 896 familiaritates
1210 847 1452 895 eorum
1481 879 1506 914 ‚
1554 847 1775 922 neque
1821 844 1955 897 tam
2005 826 2056 898 fi
2103 826 2237 899 eles

202 932 373 1003 sunt
402 932 578 1017 (non
606 918 798 995 enim
827 919 1432 1013 aldemadverfiri
1459 922 1707 995 nostris
1736 923 2234 1019 voluntatibus)

209 1029 292 1102 &
321 1024 491 1103 vero
527 1018 837 1097 invident
865 1043 1007 1095 non
1034 1019 1278 1095 nostris
1311 1018 1531 1093 solinu
1552 1077 1577 1113 ‚
1594 1019 1837 1095 verbm
1866 1021 2064 1095 etiam
2082 1022 2241 1098 suis.

301 1138 366 1212 §.
421 1124 498 1198 6.
547 1121 695 1214 Jam
726 1115 851 1216 qui
880 1115 954 1190 in
978 1116 1305 1218 ejufinodi
1334 1119 1567 1211 rebus,
1614 1119 1688 1193 in
1718 1120 1968 1219 quibus
1997 1146 2236 1198 vereor

197 1227 411 1304 ajam
427 1248 516 1297 ne
527 1217 765 1293 durior
780 1215 902 1291 fim
922 1236 1188 1306 ‚cautus
1199 1217 1328 1291 effe
1340 1218 1549 1294 velim
1563 1243 1639 1297 ac
1652 1219 1939 1321 diligens
1961 1232 2032 1294 :-²
2046 1233 2070 1281 ³
2093 1247 2240 1320 quo

199 1352 314 1404 me
326 1322 573 1398 animo
604 1318 678 1391 in
703 1314 927 1394 servos
939 1317 1099 1392 effes
1116 1317 1344 1391 censes
1362 1318 1393 1390 ?
1422 1342 1596 1416 quos
1622 1321 1898 1428 quidem
1915 1318 2074 1392 cilm
2091 1347 2244 1393 om-

204 1425 424 1502 nibus
460 1422 540 1495 in
569 1416 732 1492 locis
748 1474 771 1508 ‚
817 1435 971 1490 tum
1000 1414 1348 1514 praecipue
1378 1416 1451 1488 in
1480 1418 1849 1514 provinciis
1876 1440 2105 1517 regere
2121 1419 2241 1491 de-

207 1526 466 1601 bemus
485 1543 666 1618 :quo
694 1516 781 1590 de
810 1538 1061 1616 genere
1081 1515 1295 1590 multa
1323 1514 1598 1616 praecipi
1631 1514 1926 1615 poffunt.
1980 1516 2091 1590 sed
2108 1517 2246 1590 hoc

208 1627 287 1700 δί
321 1616 801 1696 breviffimum
834 1614 932 1688 est
963 1614 1038 1689 &
1069 1614 1389 1689 facillime
1421 1613 1631 1690 teneri
1659 1616 1915 1714 potest,
1947 1637 2027 1691 ut
2057 1616 2144 1690 ita
2174 1617 2244 1690 fi:
2333 1702 2338 1707 ,

213 1740 460 1893 gerafrziat
487 1719 563 1792 in
592 1715 729 1789 istis
761 1713 1063 1826 Afiatic‘is
1086 1714 1441 1887 t{stapel-ib?
1471 1773 1494 1807 ‚
1548 1721 1624 1779 ¹42
1649 1736 1731 1789 ut
1767 1716 1820 1790 fi
1863 1718 1989 1791 iter
2017 1714 2245 1836 Appia

219 1841 614 1995 Ψωιὲξέῗ
638 1833 1367 1990 ᾗέῑᾙῗὲἒὲεὲηὲω
1401 1834 1893 2009 fflqfi'ffi
1921 1835 2245 1987 effi

230 2018 499 2121 egregie
547 2013 769 2088 fidelis
808 2068 832 2103 ‚
897 2010 976 2086 fit
1023 2012 1098 2087 in
1141 2012 1521 2087 domesticis
1566 2010 1767 2085 rebus
1807 2014 1883 2086 &
1910 2010 2183 2114 privatis
2221 2038 2242 2085 ε

229 2144 389 2218 quae
420 2141 522 2193 res
546 2114 633 2186 ad
662 2110 968 2187 officium
998 2106 1094 2195 im
1144 2110 1266 2185 erii
1298 2112 1401 2186 tui
1430 2131 1629 2210 atque
1656 2110 1738 2183 ad
1769 2112 2061 2212 aliquam
2210 2154 2244 2170 -

228 2241 372 2294 tem
406 2211 802 2313 reipublicae
847 2138 1279 2309 pertinessunt
1305 2270 1330 2304 ‚
1375 2211 1459 2288 de
1506 2209 1609 2284 his
1637 2212 1835 2287 rebus
1865 2136 2246 2313 nequicffilt-

229 2319 471 2417 tingat.
566 2310 793 2385 Multa
822 2311 1004 2382 enim
1032 2336 1188 2410 quae
1217 2310 1404 2385 reete
1433 2310 1767 2385 committi
1797 2312 1998 2389 servis
2027 2308 2248 2385 fideli-

234 2416 365 2492 bus
394 2412 672 2513 poffunt
689 2431 947 2500 ,tamen
974 2408 1293 2484 sermonis
1318 2410 1393 2483 &
1422 2410 1930 2506 vituperationis
1956 2409 2249 2486 vitandae
2297 2483 2310 2494 s

235 2517 461 2604 causa,
508 2506 989 2584 committenda
1016 2533 1157 2582 non
1190 2507 1363 2582 sunt.
1461 2509 1593 2582 Sed
1622 2510 1842 2583 nescio
1874 2535 2019 2608 quo
2048 2504 2250 2604 paeto

238 2615 319 2688 ad
352 2608 795 2712 praecipiendi
825 2607 1147 2681 rationem
1177 2607 1437 2704 delapfa
1469 2605 1566 2679 est
1593 2608 1805 2678 oratio
1831 2631 1980 2679 mm
2005 2661 2028 2695 ‚
2088 2602 2254 2676 chm

220 2713 311 2788 ‘id
343 2711 521 2785 mihi
558 2705 978 2805 propositum
1011 2705 1205 2779 initio
1237 2729 1380 2777 non
1405 2701 1646 2776 fuiffet.
1743 2703 1939 2801 Qid
1963 2700 2146 2775 enim
2189 2700 2253 2773 ei

242 2810 635 2911 praecipiam
652 2864 674 2897 ‚
724 2829 929 2905 quem
957 2828 1087 2904 ego
1119 2803 1195 2875 in
1223 2804 1356 2877 hoc
1386 2800 1746 2901 praefiertim
1779 2826 2022 2929 genere
2062 2799 2258 2873 intel-

245 2911 459 3009 ligam
507 2903 860 3006 prudentia
905 2928 1047 2975 non
1091 2902 1218 2976 esse
1265 2901 1651 2976 inferiorem
1682 2927 1888 3001 quam
1921 2926 2032 2974 me
2056 2957 2080 2992 ‚
2130 2904 2257 2973 usu

226 3013 417 3082 *vero
447 3009 643 3079 etiam
679 3001 1134 3102 superiorem?
1185 3001 1318 3075 Sed
1347 3022 1569 3075 tamen
1601 3000 1651 3072 fi
1683 3002 1764 3074 ad
1796 3027 1867 3075 ea
1904 3026 2059 3099 quae
2087 2996 2259 3072 face-

249 3132 351 3183 res
392 3162 419 3197 ,
464 3102 820 3182 auctoritas
846 3101 1182 3174 accederet
1213 3125 1359 3173 mea
1401 3157 1424 3192 ,
1475 3110 1500 3141 ²
1515 3108 1542 3156 5
1576 3097 1702 3172 tibi
1733 3099 1855 3199 ipfi
1886 3100 1999 3175 illa
2027 3094 2260 3269 Ρυὲανί

2146 3219 2263 3270 ore

321 3377 394 3412 21.
426 3364 498 3411 Sic
525 3379 632 3410 vero
659 3360 888 3422 sullana]
946 3357 1198 3408 Lambinus
1223 3392 1238 3414 ,
1288 3357 1371 3406 diti
1416 3359 1474 3408 ab
1504 3358 1712 3409 νίἂοῐίο
1736 3361 1877 3421 servis
1896 3387 1915 3412 ι
1969 3361 2021 3410 δι
2045 3358 2262 3423 ἱά-ἱρίῖιητ

256 3423 324 3474 fin
356 3443 457 3472 vero
473 3426 658 3484 fallaces
904 3423 1066 3470 exuditi
1089 3438 1103 3469 ε
1155 3436 1237 3471 eos
1289 3422 1404 3470 mibi
1439 3421 1632 3473 eccuni:
1667 3424 1714 3471 in
1740 3425 1841 3473 MS.
1866 3424 2047 3473 Balliol.
2073 3436 2160 3472 nec
2180 3438 2262 3474 nu-

255 3504 320 3546 ego
356 3491 587 3547 univerfts.
636 3487 689 3534 δε
733 3486 828 3544 iam
868 3482 995 3548 supta
1018 3517 1032 3541 ,
1075 3497 1234 3546 pxaeter
1289 3483 1376 3532 (im
1399 3484 1588 3542 rejicere.
1623 3490 1812 3534 Gronov.

255 3563 402 3613 quam
427 3552 641 3596 bominum
661 3561 967 3610 perpaucorum.
1004 3567 1009 3575 ’
1202 3561 1205 3564 ·
1350 3562 1424 3606 24.
1458 3553 1522 3593 'vt
1538 3548 1582 3604 st
1600 3549 1680 3595 iter
1693 3555 1847 3610 ,κέρμα
1868 3548 1949 3594 «οἱα
1960 3546 2160 3606 ἰάσεται]
2181 3548 2264 3595 Pa·

316 3627 395 3660 22.
433 3612 632 3673 eonjungi
662 3612 752 3657 dic&
785 3623 975 3671 oportere.
999 3617 1019 3667 J
1069 3606 1239 3655 Melius
1289 3607 1451 3674 vilonii
1473 3607 1575 3659 MS.
1599 3622 1699 3658 non
1726 3607 1932 3672 agnoscit
1952 3611 2029 3657 via
2053 3638 2069 3665 ,
2098 3609 2151 3658 δι
2177 3622 2264 3673 po-

252 3672 414 3726 sorsan
440 3704 455 3726 ‚
495 3674 611 3720 duco.
651 3685 828 3719 moneo
867 3684 1026 3720 tamen
1059 3669 1108 3718 in
1141 3682 1239 3716 uno
1288 3683 1489 3719 teramus
1513 3685 1566 3717 ea
1589 3685 1750 3718 carere.
1785 3675 1916 3719 συντ.

256 3735 349 3783 Pal.
401 3746 503 3781 non
542 3746 817 3796 compatete
842 3731 1100 3784 diaionem
1135 3734 1233 3779 daco.
1350 3748 1376 3779 2
1384 3748 1424 3787 5·
1457 3735 1551 3779 Tibi
1560 3734 1731 3794 ipfiillae.
1739 3741 1757 3791 1
1786 3730 1974 3783 Videtux
1987 3730 2267 3795 legendnm,

256 3799 395 3846 emt.
1286 3796 1361 3843 tibi
1381 3791 1474 3856 ipsa
1498 3796 1590 3845 ina.
1623 3793 1829 3846 utfinua

320 3875 408 3916 23·
437 3862 541 3926 Qo
565 3875 634 3909 me
658 3858 798 3908 animo
820 3856 1024 3928 infirpos
1043 3854 1154 3920 effe-J
1181 3859 1241 3910 P.-
1747 3885 1752 3894 ·
1821 3901 1826 3908 .

1345 3919 1447 3973 As
